2180 3606
937 171 994 212 65

121 301 204 338 Par.
226 300 355 344 XVIII,
377 301 445 336 67:
494 297 632 334 καλὸν
658 293 766 343 ὑπὲρ
792 299 924 332 λαοῑο
951 298 1112 331 θανεῖν
1133 291 1224 334 ἕνα,
1252 293 1313 338 μὴ
1343 291 1553 337 φθόνος
1579 288 1759 339 ἕρπων
1777 292 1804 337 “)

379 370 447 406 68:
491 364 708 414 Ἐβραίων
733 363 842 402 ὅλον
868 362 1003 410 ἔθνος
1028 362 1125 410 ἑνὸς
1150 364 1281 412 χάριν
1307 361 1471 409 ἀνδρὸς
1495 360 1669 408 ὀλέσσῃ.

123 458 317 501 Invidiae
350 459 481 513 igitur
511 458 597 500 sibi
632 457 800 499 conscii
836 457 952 498 malo
986 456 1091 497 dolo
1115 456 1157 497 in
1183 454 1406 499 Romanos
1429 452 1570 495 zelum
1594 454 1807 494 avertunt.

124 526 211 571 Sed
236 529 508 583 evangelista
530 527 584 569 de
608 527 677 569 his
701 525 960 580 pontificum
984 526 1102 567 vitiis
1120 527 1268 579 aperte
1288 536 1376 566 non
1395 523 1602 577 quuItur,
1621 524 1808 576 excepto

123 598 346 641 vocabulo
378 607 518 651 ζῆλος,
547 597 668 650 quod
692 608 715 637 e
740 594 810 638 Ps.
835 595 967 645 LVIII,
996 596 1048 637 10
1069 596 1273 649 sumpsit,
1297 597 1489 636 ceterum
1513 592 1635 634 nullo
1653 593 1808 634 horum

125 669 420 723 epithetorum
454 678 574 710 usus.

126 808 208 844 Par.
228 807 357 850 XVIII,
381 808 422 843 91
442 818 449 842 :
494 799 664 848 Ἰησοῦν
691 799 901 850 δ’ἑρὲεινε
928 801 1158 848 θυηπόλος
1183 799 1274 846 ὀξέι
1300 799 1438 847 μύθῳ

383 877 451 912 92:
492 871 650 918 ’Ἄννας
675 870 953 920 εὐρυγένειος
978 872 1007 918 ²¹)
1034 869 1227 917 ἑθήμονι
1251 870 1398 917 χειρὸς
1423 868 1537 918 ἐρωῇ

383 948 451 983 93:
502 942 698 980 ἄπλοκον
724 941 983 989 ἀμφαφόων
1008 941 1341 988 κεχαλασμὲνον
1367 938 1501 977 ὁλκὸν
1527 937 1688 986 ὑπήνης

382 1019 450 1054 94:
501 1013 618 1061 ἀμφὶ
644 1019 797 1060 σοφῶν
824 1012 1009 1062 ἑτάρων,
1036 1011 1113 1059 οὓς
1137 1025 1344 1060 κοιρανος
1370 1004 1461 1057 εἶχε
1486 1010 1707 1057 μαθητάς,

383 1090 451 1125 95:
500 1087 574 1122 καὶ
601 1087 791 1131 διδαχῆς
816 1082 950 1130 ὁσίης.

133 1185 213 1228 His
245 1184 450 1226 versibus
482 1183 736 1237 depingitur
769 1181 921 1224 Annas
954 1179 1177 1225 Christum
1209 1180 1485 1233 interrogans
1507 1177 1815 1232 effingiturque

130 1257 176 1297 ut
207 1255 328 1308 apud
361 1252 573 1297 Ovidium
602 1253 740 1308 Janus

193 1325 294 1376 „Ille
329 1336 459 1366 manu
493 1323 695 1366 mulcens
728 1334 973 1377 propexam
1006 1322 1062 1364 ad
1096 1323 1276 1375 pectora
1309 1316 1583 1373 barbam’'³).

133 1396 176 1438 In
220 1395 383 1438 talibus
415 1397 560 1437 autem
595 1394 976 1448 descriptionibus
1008 1394 1212 1447 gestuum
1247 1390 1573 1433 inconsiderate
1596 1392 1639 1432 et
1659 1392 1820 1443 sponte

131 1467 328 1509 actorum
362 1465 571 1519 frequens
604 1467 683 1515 est,
718 1466 763 1506 ut

202 1564 285 1601 Par.
312 1565 336 1608 l,
372 1565 462 1600 199:
513 1560 720 1606 θάύματι
746 1561 879 1597 πιστὰ
905 1560 1089 1605 μέτωπα
1115 1558 1304 1595 θεουδέι
1328 1560 1444 1605 χειρὶ
1469 1556 1678 1602 πατάξας,

181 1635 264 1671 Par.
282 1635 342 1678 IV,
372 1636 461 1672 130:
511 1631 737 1669 δάκτυλον
764 1629 1042 1677 αὑτοβόητον
1068 1628 1256 1667 ἀναυδέι
1281 1628 1372 1676 ῥινὶ
1396 1628 1630 1673 πελάσσας.

180 1706 264 1742 Par.
284 1707 344 1749 IV,
373 1707 461 1742 149:
1028 1698 1265 1746 κινυμένης
1290 1700 1341 1735 δὲ

373 1777 460 1812 150:
510 1773 657 1821 χειρὸς
684 1772 939 1819 ἁφωνητοιο
966 1771 1153 1817 νοημονι
1178 1770 1372 1818 μάρτυρι
1398 1774 1494 1816 σιγῇ

374 1849 460 1884 151:
513 1848 648 1880 δαῖτα
673 1845 984 1888 μινυνθαδὶην
1010 1841 1274 1878 ἀπεσείσατο
1301 1845 1442 1876 ταῦτα
1468 1838 1643 1886 βοήσας,

136 1918 219 1955 Par.
243 1918 370 1961 XVIII,
396 1918 463 1953 78:
842 1916 915 1950 καὶ
944 1915 1087 1958 δμωὶς
1112 1909 1349 1958 ὲπεσβόλος
1374 1910 1544 1955 ὄμματι
1571 1909 1688 1957 λοξῷ

395 1989 462 2023 79;
514 1985 761 2032 δερκομένη
788 1984 1022 2031 πυλαωρὸς
1048 1982 1203 2028 ἀνὶαχε
1228 1984 1394 2028 γείτονι.
1423 1982 1592 2029 Πέτρῳ.

138 2090 287 2132 Annas
321 2090 452 2144 igitur
484 2090 527 2131 in
561 2088 837 2143 paraphrasi,
863 2101 951 2130 non
975 2090 1120 2130 autem
1144 2085 1342 2141 Caiphas
1365 2085 1587 2129 Christum
1612 2085 1667 2126 de
1690 2084 1827 2126 disci-

140 2160 258 2214 pulis
282 2160 578 2214 interrogavit.
603 2157 690 2201 Sed
711 2159 984 2214 evangelista
1002 2159 1202 2212 scripsit:
1226 2162 1250 2201 ὁ
1264 2156 1345 2201 οὖν
1361 2163 1590 2212 ἀρχιερεὺς
1603 2161 1828 2210 ἠρώτησεν

140 2239 218 2275 τὸν
239 2234 409 2284 Ἰησοῦν
430 2239 474 2284 ⁴),
519 2242 563 2272 re
598 2242 685 2271 non
719 2229 975 2284 diJ‘udicata.
1018 2228 1205 2270 Nonnus
1244 2228 1374 2282 igitur
1411 2229 1496 2269 stat
1528 2238 1629 2268 cum
1658 2225 1827 2280 Joanne

140 2299 460 2355 Chrysostomo
473 2298 506 2354 ³)
530 2302 681 2343 contra
700 2298 912 2355 Cyrillum
931 2299 1276 2342 Alexandrinum
1291 2296 1337 2351 ¹³),
1356 2298 1431 2351 qui
1446 2297 1595 2352 Jesum
1614 2308 1640 2338 a
1657 2294 1830 2349 Caipha

141 2373 195 2414 de
229 2372 429 2414 doctrina
464 2372 606 2426 ipsius
641 2372 953 2426 interrogatum
987 2382 1087 2413 esse
1120 2371 1329 2412 autumat.

200 2441 287 2486 Sed
332 2444 473 2484 utrum
519 2443 627 2484 haec
672 2442 955 2496 interrogatio
997 2441 1113 2482 facta
1153 2441 1210 2482 sit
1252 2440 1295 2481 in
1339 2439 1473 2480 domo
1512 2437 1664 2479 Annae
1697 2448 1752 2478 an
1786 2436 1829 2477 in

143 2511 341 2566 Caiphae
365 2513 566 2563 aedibus,
590 2513 709 2565 apud
729 2513 942 2566 Joannem
968 2511 1247 2553 manifestum
1273 2521 1360 2551 non
1385 2511 1463 2551 est.
1498 2508 1672 2562 Legitur
1694 2507 1830 2549 enim:

197 2704 224 2749 1)
252 2705 311 2742 Cf.
338 2705 454 2749 Soph.
482 2707 540 2749 Aj.
570 2707 653 2742 157:
680 2705 771 2747 πρὸς
796 2704 865 2749 γὰρ
891 2705 955 2738 τὸν
983 2701 1110 2749 ἔχονθ’
1141 2703 1159 2737 ὁ
1186 2702 1332 2747 φθόνος
1359 2701 1472 2745 ἕρπει,

193 2766 323 2810 Antig.
348 2766 436 2801 613:
960 2763 1071 2798 οὐδὲν
1097 2762 1199 2807 ἕρπει

497 2825 650 2858 θνατῶν
687 2822 796 2869 βιότῳ
830 2822 1008 2863 παντελὲς
1043 2822 1145 2862 ἐκτὸς
1170 2822 1278 2863 &vocs-3
1305 2822 1354 2857 cf.
1380 2823 1468 2865 585,
1495 2822 1581 2856 Eur.
1608 2820 1722 2857 RheS.
1746 2819 1834 2861 518;

147 2883 231 2919 Par.
259 2883 318 2926 VI,
349 2883 433 2919 146:
460 2882 564 2925 αἰών,
590 2883 634 2926 X,
660 2884 724 2919 62:
751 2880 893 2927 χρόνος,
920 2883 1048 2925 XVIII,
1078 2883 1162 2918 138:
1189 2880 1240 2921 εἰς
1265 2879 1384 2925 φόνον
1411 2879 1542 2923 ἕρπων.

196 2940 226 2984 ²)
255 2940 312 2977 Cf.
340 2952 375 2977 n.
401 2942 458 2977 87.
697 2940 726 2985 ³)
755 2941 868 2978 Ovid.
896 2942 1011 2985 Fasti,
1040 2942 1062 2983 I,
1088 2942 1176 2984 259;
1203 2941 1253 2977 cf.
1278 2941 1403 2975 Nonn.
1430 2940 1542 2975 Dion.
1571 2938 1645 2980 VII,
1672 2937 1825 2973 22—24.

198 2999 226 3032 ⁴)
252 3000 307 3045 Jo.
337 3000 463 3043 XVIII,
493 3001 544 3036 19.
693 2999 722 3043 5)
749 3000 808 3036 Cf.
835 3001 886 3036 Μ.
914 3000 954 3036 Ρ.
982 2999 1026 3036 G.
1056 3000 1145 3042 LIX,
1171 3001 1257 3042 451;
1285 3000 1363 3034 455.

200 3058 227 3101 ⁶)
257 3058 314 3094 Cf.
341 3059 392 3094 Μ.
420 3059 459 3094 Ρ.
486 3059 532 3096 G.
552 3060 713 3102 LXXIV,
731 3060 818 3101 6093
843 3059 890 3094 cf.
909 3059 989 3094 593.

1677 3127 1699 3160 5

1874 786 1924 827 N.
1952 785 2022 827 30.
