2180 3606
921 222 977 265 35

105 354 354 408 interroget.
388 353 537 407 Itaque
563 353 760 407 Joannes
792 364 816 394 a
849 352 1010 394 Nonno
1043 353 1226 394 vocatur
1256 357 1430 407 θρασύς
1453 360 1495 405 ¹),
1532 363 1620 393 non
1645 353 1790 393 autem

104 423 272 466 Petrus.
307 421 394 466 Sed
428 425 544 466 hunc
578 422 756 465 laudare
782 423 968 474 videtur,
993 423 1035 465 et
1059 423 1181 477 quod
1205 422 1372 465 fortiori
1396 422 1546 464 animo
1569 423 1636 464 est
1658 433 1790 475 quam

104 494 235 536 ceteri
269 494 479 548 discipuli
514 494 556 535 et
588 493 710 547 quod
742 492 972 535 modestus
989 493 1205 548 Joannem
1227 493 1406 535 silentio
1430 493 1680 547 interrogat.
1703 490 1791 535 Sed

104 565 175 606 hic
207 564 263 606 ab
297 564 529 619 evangelio
572 563 801 617 paululum
838 563 1044 614 deflectit,
1079 564 1248 618 quippe
1281 563 1403 617 quod
1437 561 1611 605 Petrum
1645 562 1793 605 verbis

104 635 444 689 interrogantem
487 634 689 675 inducat:
732 640 851 678 νεύει
881 632 962 678 οὖν
1000 640 1148 689 τούτῳ
1184 643 1339 686 Σίμων
1374 643 1544 688 Πέτρος
1576 642 1650 677 καὶ
1675 639 1793 686 λέγει

104 710 240 759 αὐτῷ·
266 712 360 749 εἰπὲ
385 715 451 759 τίς
477 711 610 754 ἐστιν,
637 714 736 760 περὶ
763 703 818 748 οὗ
843 711 961 758 λέγει
982 713 1026 759 2).
1061 703 1226 747 Contra

104 779 187 815 Par.
213 779 306 823 XIII,
335 782 423 816 105:
472 776 618 813 τούτω
647 774 816 825 Πέτρος
841 773 1006 813 ε”·νευσε
1033 775 1183 823 λάλῳ
1210 773 1253 812 δ’
1260 774 1472 824 ἐρέεινε
1498 780 1682 822 σιωπῇ,

339 851 427 886 106:
475 849 542 893 τίς
561 846 707 889 πέλεν,
734 837 789 883 οὗ
814 846 945 894 χάριν
963 839 1098 883 εἶπεν·
1117 844 1141 882 ὁ
1160 847 1212 882 δὲ
1229 846 1403 894 θρασὺς
1420 845 1512 892 ὀξέι
1529 849 1691 893 παλμῶ
1710 849 1794 884 cet..

162 913 334 958 Ceteris
374 918 520 958 autem
561 916 673 958 locis
707 916 994 969 paraphrasta
1019 921 1282 970 θρασύτητα
1311 915 1354 956 ἱη
1394 914 1523 956 Petro
1555 915 1795 969 reprehen-

104 985 295 1028 dendam
329 998 428 1029 esse
461 987 671 1037 autumat,
704 997 766 1028 sc.
800 985 894 1027 Par.
923 984 1025 1035 XIII,
1054 985 1224 1026 17—-54
1244 981 1301 1038 3);
1329 981 1629 1039 145—160⁴);
1653 983 1793 1035 XVIII,

103 1053 341 1110 50—885).
380 1056 424 1098 In
467 1057 608 1110 prima
650 1056 861 1110 pericope
904 1054 1060 1097 Petrus
1097 1053 1290 1106 Christo,
1323 1054 1469 1108 ipsius
1501 1054 1641 1108 pedes
1673 1055 1795 1096 lava-

104 1129 215 1177 turo,
248 1127 357 1169 dicit

151 1201 234 1237 Par.
261 1202 354 1245 XIII,
378 1203 446 1238 37:
496 1195 659 1235 οὔποτε
685 1197 979 1245 φαιδρύνειας
1004 1195 1140 1243 ἐμοὺς
1164 1196 1320 1243 πόδας,
1347 1196 1410 1243 εἰς
1435 1195 1543 1233 ὅσον
1568 1193 1689 1245 ἕρπει

377 1279 446 1314 38;
497 1274 608 1311 αἰὼν
634 1272 967 1320 πουλυέλικτος,
1002 1267 1168 1320 quibus
1200 1266 1349 1308 Verbis
1382 1265 1757 1307 circumscribitur

101 1355 158 1402 Jo.
191 1355 284 1398 XIII,
322 1355 366 1391 8:
417 1349 472 1388 οὐ
513 1352 574 1397 μὴ
615 1353 747 1398 νίψῃς
779 1364 870 1396 μου
904 1351 1010 1397 τοὺς
1042 1350 1185 1396 πόδας
1216 1350 1280 1396 εἰς
1317 1349 1397 1386 τὸν
1439 1349 1594 1386 αἰῶνα.
1637 1340 1796 1383 Audax

105 1415 236 1470 igitur
277 1414 431 1457 Petrus
473 1418 552 1465 est,
596 1426 710 1465 cum,
754 1414 999 1456 modestiae
1042 1414 1288 1465 immemor,
1322 1411 1502 1455 Christo
1528 1410 1796 1466 obloquatur

106 1486 293 1528 dicenti:
320 1492 344 1529 ὃ
375 1491 459 1539 ἐγὼ
487 1497 601 1529 ποιῶ
631 1493 686 1529 σὺ
711 1490 793 1529 οὐκ
823 1484 951 1538 οἶδας
981 1491 1095 1540 ἄρτι,
1125 1493 1271 1539 γνώσῃ
1297 1492 1349 1528 δὲ
1374 1491 1489 1536 μετὰ
1514 1495 1657 1527 ταῦτα
1674 1491 1718 1537 ⁶).
1751 1482 1795 1524 In

106 1556 241 1598 altera
282 1554 504 1598 Dominus
542 1555 717 1598 Petrum
761 1567 808 1598 se
852 1566 952 1598 esse
994 1556 1254 1609 negaturum
1294 1554 1524 1608 praedicit,
1558 1555 1797 1608 postquam

105 1627 251 1669 audax
283 1627 518 1681 apostolus
551 1624 775 1669 Christum
810 1625 1032 1668 nolentem
1066 1637 1115 1668 se
1142 1625 1230 1680 jam
1253 1625 1368 1667 velle
1391 1625 1520 1678 sequi
1545 1625 1613 1666 sui
1638 1624 1798 1679 capitis

107 1697 306 1751 periculo
337 1697 582 1739 affirmavit.
618 1703 792 1753 Θρασὺς
824 1697 955 1752 igitur
987 1696 1097 1738 dixit

105 1772 189 1808 Par.
214 1772 308 1816 XIII,
338 1774 425 1809 153:
475 1767 530 1806 οὐ
556 1768 756 1815 δύναμαι
783 1768 1057 1815 ταχύγουνος
1083 1766 1375 1816 ὀπισθοπόρῳ
1400 1770 1505 1803 ποδὶ
1533 1769 1703 1813 βαίνων

339 1845 426 1879 154:
477 1838 691 1887 ὑμετερης
717 1839 905 1886 ἀβάτοιο
931 1844 1091 1884 ταμεῖν
1116 1843 1311 1875 κενεῶνα
1336 1837 1587 1883 κελεύθους

339 1915 427 1950 155:
477 1914 551 1947 καὶ
577 1911 727 1956 ψυχὴν
753 1908 1005 1946 ἐθέλουσαν
1030 1906 1140 1957 ὑπὲρ
1166 1910 1303 1946 σέθεν
1329 1907 1573 1955 ἐγγυαλίξω
1594 1909 1636 1955 ⁷).

106 1977 219 2022 Cum
262 1980 331 2022 his
374 1980 592 2030 conferas,
640 1991 824 2033 quaeso,
867 1978 1082 2033 Joannem
1130 1976 1515 2032 Chrysostomum‚
1554 1978 1629 2031 qui
1664 1977 1796 2019 dicit:

105 2051 130 2089 ὁ
164 2053 216 2089 δὲ
252 2050 397 2099 ἐαυτῷ
435 2055 670 2099 θαρρεῖ,
702 2053 776 2088 καί
811 2061 931 2098 φησι·
960 2053 1048 2087 Καὶ
1075 2050 1115 2087 εἰ
1140 2050 1301 2096 πάντες
1327 2049 1797 2095 σκανδαλισθήσονται

107 2119 187 2158 cet.
208 2149 217 2158 .
237 2150 245 2158 .
265 2149 274 2157 .
306 2122 413 2171 ὅπερ
440 2123 501 2169 εἰς
528 2137 555 2158 α
572 2120 686 2158 ὐθιὲ
702 2125 765 2159 δε
781 2136 795 2158 ι
811 2136 837 2158 α
852 2136 877 2159 ν
904 2120 1042 2158 αὐτὸν
1067 2113 1142 2168 ἦγε
1166 2123 1280 2158 κατὰ
1306 2120 1467 2168 μικρόν
1488 2121 1532 2167 ⁸).

106 2186 312 2241 Denique
343 2197 426 2233 Par.
452 2197 581 2240 XVIII,
607 2198 675 2233 50:
1084 2191 1328 2239 ἀγχιφανὴς
1354 2192 1406 2228 δὲ

606 2270 674 2304 51:
725 2267 878 2310 Σίμων
904 2255 987 2312 ἆορ
1013 2261 1129 2310 ἔχων
1154 2267 1228 2311 &Q
1244 2263 1386 2308 ασὺς
1413 2259 1613 2303 «ἔσπασεν,

106 2342 255 2395 aperte
279 2339 392 2382 Petri
417 2339 604 2382 audacia
621 2327 892 2393 vituperatur
913 2351 938 2381 a
962 2337 1171 2388 Domino,
1196 2349 1330 2391 quem
1348 2336 1537 2378 Nonnus
1556 2336 1641 2378 hoc
1661 2336 1796 2378 modo

48 2402 51 2403 ⁷
108 2411 362 2465 loquentem
404 2411 530 2454 facit:
563 2422 666 2465 λῆγε
692 2418 832 2464 χόλου
854 2419 897 2465 ⁹).
931 2407 1020 2452 Sed
1054 2411 1123 2452 his
1156 2410 1305 2451 verbis
1339 2408 1628 2462 paraphrasta
1662 2418 1797 2449 evan-

108 2483 271 2536 gelium
305 2482 606 2536 amplificavit.

167 2551 350 2594 Planum
395 2553 526 2607 igitur
563 2553 641 2603 est,
680 2552 888 2594 Nonnum
928 2551 1207 2606 evangelium
1246 2549 1470 2598 di1atasse‚
1504 2550 1550 2589 ut
1582 2547 1639 2598 id,
1674 2548 1796 2601 quod

109 2623 298 2665 maxime
331 2622 443 2665 Petri
478 2623 705 2677 proprium
730 2634 829 2665 esse
853 2622 987 2672 ducit,
1011 2622 1126 2663 clare
1150 2623 1281 2674 atque
1305 2621 1454 2674 aperte
1478 2619 1642 2661 indicet
1664 2621 1797 2672 atque

108 2694 344 2745 describat,
388 2706 450 2736 sc.
493 2693 607 2736 Petri
650 2700 912 2749 θρασύτητα
955 2693 1089 2735 modo
1128 2691 1273 2743 laude,
1307 2691 1442 2732 modo
1474 2690 1797 2744 vituperatione

159 2875 186 2920 ¹)
215 2876 296 2912 Par.
324 2877 415 2920 XIII,
446 2878 521 2913 106.
1018 2874 1112 2921 >Jo.
1141 2874 1234 2916 XIII,
1257 2875 1290 2909 7.

159 2933 275 3038 3313,-
295 2936 473 3041 340¹?ssssss
498 2995 625 3030 4-11.
1009 2934 1038 3036 2,
1058 2933 1117 3027 ii:
1138 2932 1402 3034 ξ’(ἐἫῖῑ,
1428 2991 1508 3025 741.

158 3052 186 3091 ⁴)
217 3053 275 3089 Cf.
297 3055 354 3100 Jo.
382 3054 474 3096 XIII,
500 3054 650 3089 36—38.
1005 3050 1034 3095 9)
1062 3051 1145 3087 Par.
1173 3050 1301 3094 XVIII,
1327 3050 1383 3085 56.

161 3110 190 3156 ⁵)
218 3112 276 3149 Cf.
299 3113 355 3159 Jo.
382 3113 510 3156 XVIII,
544 3113 587 3148 10
611 3122 680 3156 sq..
