2180 3606
971 211 1022 254 15

142 339 338 393 Joannes
361 336 406 393 ¹),
434 339 665 394 apostolos
689 351 988 394 nuncupasse.
1012 341 1205 384 Eosdem
1228 341 1344 384 enim
1369 340 1590 383 Dominus
1614 341 1834 384 electurus

149 411 239 451 erat
256 409 502 463 apostolos.
520 409 677 463 Neque
696 421 775 452 eos
794 409 1030 453 duodecim
1050 412 1138 454 fere
1162 423 1345 454 numero
1368 411 1507 453 fuisse
1526 412 1623 453 sine
1640 412 1835 454 veritatis

148 479 299 533 specie
332 479 575 522 affirmavit.
610 479 720 522 Nam
754 481 994 523 verisimile
1027 484 1093 523 est
1125 481 1366 524 Dominum
1389 481 1623 536 apostolos
1646 482 1835 536 elegisse

150 561 202 591 ex
235 550 303 600 iis,
338 551 411 603 qui
446 562 470 592 a
498 550 651 604 primis
675 551 1021 604 praedicationis
1042 553 1321 607 temporibus
1344 552 1440 607 ejus
1468 553 1578 594 socii
1601 552 1773 594 fuerant
1788 550 1835 605 ²).

206 619 426 662 Numerus
459 631 589 674 porro
623 619 799 662 fratrum
834 619 1014 662 Domini
1049 624 1116 664 est
1148 624 1349 675 quatuor,
1384 625 1429 663 ut
1462 623 1581 676 patet
1613 634 1635 664 e
1663 622 1835 663 verbis:

148 697 475 744 τετράζυγες
495 687 528 744 ³)
561 690 653 744 υἷες
672 695 831 744 Ἰωσήφ
849 688 895 744 ⁴),
920 703 1051 745 quem
1075 692 1263 734 Nonnus
1286 704 1340 734 ex
1363 693 1607 747 evangeliis
1626 692 1835 734 Matthaei

148 761 190 800 et
217 759 353 801 Marci
378 761 569 814 sumpsit
584 757 639 814 5);
663 773 688 803 a
712 761 879 815 quibus
902 761 1096 804 Historia
1119 774 1301 816 quoque
1319 763 1503 817 Josephi
1527 763 1638 805 fabri
1663 763 1835 818 lignarii

148 832 190 871 et
215 841 444 872 numerum
468 833 510 872 et
532 831 713 873 nomina
735 831 925 873 filiorum
943 832 1128 886 Josephi
1155 835 1377 875 mutuatus
1401 835 1467 875 est
1483 830 1530 887 6).
1554 831 1667 877 Cum
1691 835 1836 876 autem

149 900 329 942 nomina
360 900 538 943 fratrum
572 900 767 952 Domini,
802 913 916 955 quae
948 903 1069 956 apud
1101 902 1374 945 Matthaeum
1408 907 1510 945 sunt
1536 908 1739 957 Ἰάκωβος
1763 914 1837 948 καὶ

140 973 298 1024 Ἰωσὴφ
323 981 398 1014 καὶ
424 980 578 1024 Σίμων
603 981 678 1015 καὶ
698 976 868 1026 Ἰούδας
892 973 935 1014 in
959 973 1192 1027 evangelio
1216 972 1416 1026 Joanneo
1440 974 1597 1016 tradita
1620 986 1708 1016 non
1736 975 1837 1025 sint,

148 1041 304 1083 mirum
324 1053 412 1083 non
437 1044 503 1084 est
523 1041 732 1084 Nonnum
756 1044 1066 1096 quaestionem
1090 1043 1144 1085 de
1168 1043 1358 1098 singulis
1380 1044 1601 1094 fratribus,
1626 1056 1649 1086 e
1673 1045 1838 1098 quibus

147 1112 235 1153 tres
268 1112 425 1154 iisdem
459 1113 717 1155 nominibus
749 1113 1043 1167 appellantur,
1077 1114 1243 1167 quibus
1275 1117 1362 1155 tres
1397 1126 1450 1156 ex
1482 1116 1714 1169 apostolis,
1739 1116 1840 1158 data

148 1193 285 1235 opera
322 1185 501 1238 tangere
545 1195 633 1225 non
676 1184 888 1227 voluisse.
932 1183 1051 1235 Quin
1094 1185 1223 1227 etiam
1258 1185 1312 1227 de
1340 1185 1511 1240 Jacobo
1543 1185 1763 1229 Zebedaei
1799 1189 1839 1229 et

149 1252 205 1293 de
245 1252 416 1307 Jacobo
463 1252 648 1308 Alphaei
682 1254 901 1309 apostolis
949 1255 1133 1297 omnino
1172 1256 1286 1306 silet,
1331 1256 1500 1310 quippe
1539 1268 1655 1310 quos
1694 1269 1838 1311 neque

148 1323 427 1377 evangelium
455 1324 702 1378 Joanneum
738 1326 949 1367 nominet.
982 1325 1151 1368 Tamen
1185 1337 1239 1368 ex
1271 1327 1339 1373 iis.
1366 1338 1482 1380 quae
1505 1327 1695 1380 scripsit,
1720 1329 1839 1370 certo

149 1392 262 1435 effici
297 1396 444 1448 potest
476 1406 575 1437 eum
608 1397 696 1437 tres
724 1395 919 1450 Jacobos
952 1397 1174 1439 statuisse.
1208 1396 1252 1438 In
1286 1397 1534 1451 synopticis
1566 1398 1682 1439 enim
1716 1410 1839 1440 com-

149 1467 446 1507 memorantur
505 1463 563 1508 10:
618 1465 813 1520 Jacobus
859 1466 1081 1509 Zebedaei
1104 1463 1156 1521 7);
1216 1464 1277 1510 2⁰:
1324 1467 1522 1522 Jacobus
1568 1465 1839 1523 Alphaei⁸);

148 1531 213 1577 3⁰:
240 1534 451 1590 jacobus,
483 1535 613 1579 frater
645 1536 825 1579 Domini
846 1534 894 1592 ⁹).
939 1537 1005 1580 De
1040 1538 1110 1580 his
1142 1540 1314 1580 veteres
1346 1539 1586 1592 scriptores
1629 1539 1842 1581 ecclesia-

149 1606 248 1648 stici
292 1606 574 1659 dissentiunt,
621 1610 763 1650 utrum
802 1607 997 1662 Jacobus
1037 1607 1239 1662 Alphaei,
1282 1608 1530 1663 apostolus,
1561 1611 1603 1651 et
1629 1609 1838 1664 Jacobus,

148 1674 279 1719 frater
321 1675 516 1728 Domini,
560 1677 648 1720 sint
690 1678 780 1720 duo
822 1679 902 1720 viri
938 1690 1092 1722 necne.
1128 1679 1237 1721 Nam
1273 1677 1482 1722 Clemens
1515 1679 1839 1723 Alexandrinus

150 1749 192 1788 et
238 1746 532 1802 Hieronymus
554 1744 600 1802 ¹⁰)
634 1748 850 1803 Jacobum
883 1749 1068 1803 Alpbaei
1103 1752 1145 1792 et
1171 1750 1402 1804 Jacobum,
1435 1749 1609 1792 fratrem
1644 1750 1839 1801 Domini,

151 1817 341 1860 eundem
383 1819 617 1873 designare
649 1820 903 1873 apostolum
938 1822 1122 1874 ponunt,
1156 1821 1236 1863 sed
1269 1820 1505 1871 Eusebius,
1539 1821 1839 1876 Hegesippus‚

151 1888 429 1942 Epiphanius
448 1885 507 1943 ¹¹),
546 1889 729 1932 alterum
762 1890 818 1932 ab
857 1891 994 1933 altero
1036 1891 1306 1934 discernunt.
1339 1891 1450 1934 Tres
1483 1892 1614 1946 igitur
1645 1895 1841 1934 statuunt

149 1958 289 2001 fuisse
317 1958 525 2014 Jacobos.
559 1958 671 2003 Cum
706 1961 774 2003 his
805 1960 951 2003 facere
984 1961 1191 2003 Nonnum
1225 1973 1410 2004 necesse
1443 1964 1522 2012 est,
1556 1963 1662 2016 quia
1686 1962 1840 2005 fratres

150 2028 330 2072 Domini
364 2030 597 2084 apostolos
629 2030 768 2074 fuisse
802 2034 934 2086 negat
956 2028 1015 2086 ¹²).

211 2158 435 2214 Superest,
479 2161 525 2201 ut
567 2161 711 2202 dicam
755 2161 810 2203 de
859 2161 927 2212 iis,
973 2173 1088 2215 quae
1129 2162 1184 2204 ad
1229 2162 1442 2204 honorem
1491 2163 1614 2204 matri
1659 2161 1839 2205 Domini

151 2231 345 2272 delatum
397 2233 613 2285 spectant.
662 2230 855 2274 Primum
907 2234 1052 2274 autem
1106 2233 1546 2275 animadvertendum
1600 2235 1666 2276 est
1713 2245 1841 2288 para-

151 2301 375 2355 phrastam
421 2301 628 2356 religiose
677 2313 846 2353 cavere,
896 2314 950 2344 ne
997 2305 1134 2345 mater
1176 2302 1445 2358 praeferatur
1482 2303 1607 2345 Filio.
1646 2302 1840 2347 Secundi

152 2372 268 2414 enim
301 2371 461 2426 capitis
494 2373 635 2426 prima
667 2375 804 2427 parte,
838 2385 927 2427 qua
960 2376 1092 2428 poeta
1115 2374 1293 2428 nuptias
1317 2372 1466 2417 Canae
1490 2374 1734 2418 celebratas
1757 2376 1841 2418 sub

205 2510 232 2555 ¹)
259 2511 318 2548 Cf.
341 2512 398 2559 10.
425 2512 465 2555 11,
493 2513 547 2548 12.
1048 2513 1077 2557 ⁴)
1105 2514 1188 2550 Par.
1215 2514 1290 2558 Vll,
1315 2515 1348 2550 9.

200 2569 231 2614 2)
259 2570 317 2607 Cf.
344 2571 429 2607 Act.
457 2571 528 2616 Ap.
556 2572 580 2615 l,
606 2573 646 2607 21
677 2582 756 2617 sq..
1050 2571 1079 2616 5)
1106 2572 1165 2609 Cf.
1191 2573 1331 2608 Matth.
1359 2573 1452 2617 Xlll,
1477 2575 1546 2617 55;
1577 2574 1695 2610 Marc.
1723 2574 1783 2618 Vl,
1808 2575 1840 2610 3.

202 2627 231 2672 ⁸)
259 2628 318 2665 Cf.
344 2640 380 2665 n.
405 2630 463 2666 77.
1050 2630 1078 2675 ⁶)
1107 2632 1203 2668 Hist.
1227 2632 1306 2678 Jos.
1334 2632 1375 2668 ll.

203 2686 231 2730 ⁷)
259 2687 318 2724 Cf.
343 2688 481 2724 Matth.
506 2688 551 2731 X,
577 2690 622 2732 2;
649 2689 768 2725 Marc.
796 2690 851 2733 lll,
882 2691 934 2726 17.

203 2744 232 2789 ““)
259 2745 317 2783 Cf.
344 2747 480 2783 Matth.
506 2748 551 2791 X,
577 2749 622 2791 3;
650 2748 768 2784 Marc.
796 2749 850 2792 lll,
880 2750 944 2792 183
976 2750 1065 2785 Luc.
1092 2750 1152 2793 Vl,
1183 2751 1237 2786 15.

204 2803 232 2848 ⁹)
260 2804 319 2841 Cf.
346 2806 482 2842 Matth.
508 2806 602 2850 Xlll,
627 2808 695 2849 55;
722 2807 841 2843 Mare.
868 2808 926 2849 Vl,
952 2808 986 2844 3.

205 2862 250 2907 ¹⁰)
278 2862 334 2900 De
360 2863 482 2900 Clem.
508 2865 566 2900 ΑΙ.
594 2865 644 2901 cf.
669 2866 723 2901 M.
751 2866 790 2901 Ρ.
818 2865 863 2903 G.
890 2867 972 2910 XX,
1002 2867 1078 2910 136,
1108 2867 1250 2903 Euseb.
1277 2866 1320 2902 H.
1348 2867 1388 2903 E.
1416 2867 1456 2911 ll,
1494 2869 1506 2902 1
1539 2865 1564 2911 §
1591 2868 1635 2911 2;
1663 2868 1710 2904 de
1741 2868 1842 2904 Hier.

152 2922 205 2958 M.
231 2921 271 2957 Ρ.
299 2922 337 2958 L.
363 2923 492 2964 XXlll,
516 2925 600 2960 203.

206 2979 251 3024 ²¹)
278 2980 336 3017 Cf.
371 2981 422 3017 M.
458 2982 498 3018 Ρ.
532 2981 578 3018 G.
613 2983 695 3026 XX,
732 2984 811 3026 119,
839 2984 979 3020 Euseb.
1007 2984 1049 3020 H.
1077 2985 1118 3020 F..
1145 2985 1169 3027 1,
1198 2986 1240 3020 12
1268 2982 1293 3029 §
1319 2986 1365 3028 5;
1398 2985 1439 3029 11,
1468 2987 1509 3028 1;
1534 2986 1592 3030 25,
1618 2996 1696 3030 quo
1722 2986 1841 3022 verba

153 3039 365 3085 Hegesippi
392 3040 526 3083 refert;
552 3042 620 3085 26;
647 3042 724 3085 Vll,
753 3043 822 3085 19;
854 3042 1041 3088 Epiphan.
1068 3044 1120 3079 M.
1148 3043 1188 3079 Ρ.
1217 3042 1263 3080 G.
1289 3043 1397 3087 XLII,
1423 3045 1503 3079 744.

206 3098 251 3143 ¹²)
278 3099 336 3136 Cf.
363 3100 446 3137 Par.
472 3101 511 3144 11,
538 3102 584 3137 65
609 3111 706 3146 sqq..

1903 2161 1954 2202 N.

1988 2161 2052 2203 10.
