2180 3606
149 1063 200 1106 N.
228 1064 298 1106 49.

142 2659 193 2702 Ν.
217 2659 286 2702 50.

1179 232 1260 274 102

366 370 455 400 non
498 360 585 401 tam
629 359 746 401 clare
789 359 982 413 explicat
1024 360 1065 401 et
1098 360 1366 402 vocabulum
1402 361 1444 402 in
1479 363 1636 414 quarto
1669 361 1909 404 hexametri
1944 361 2060 416 pede

365 429 496 471 simul
530 441 630 472 cum
665 432 802 471 metro
835 429 943 479 finit,
977 430 1099 479 quod
1133 429 1295 472 Nonno
1330 431 1585 473 inusitatum
1623 443 1723 473 esse
1755 431 1940 474 videtur.

424 498 668 551 Postremo,
702 501 739 542 si
775 500 851 553 qui
886 501 986 551 sint,
1011 501 1103 554 qui,
1127 503 1434 555 praeterquam
1459 501 1581 556 quod
1607 504 1791 544 metrum
1817 502 1860 544 id
1884 503 2059 558 exigere

363 571 639 621 arbitrantur,
683 570 741 612 ob
783 570 914 612 aliam
950 582 1129 613 causam
1162 577 1336 626 ἄζυγι
1369 572 1513 626 legere
1548 573 1698 622 velint,
1733 573 1760 614 ii
1795 573 1927 616 nimis
1957 573 2060 615 dili-

364 643 520 696 gentes
561 652 661 683 esse
697 641 802 683 mihi
837 641 1055 684 videntur.
1089 641 1199 683 Nam
1235 644 1376 684 utrum
1412 641 1617 686 Christus
1650 643 1844 697 simplici
1879 644 2059 686 vinculo

363 712 596 754 devinctus
628 712 686 754 sit
717 723 772 754 an
806 712 991 766 duplici,
1026 713 1133 754 nihil
1169 713 1350 755 interest
1382 725 1462 755 nec
1495 714 1728 768 dijudicari
1769 716 1915 767 potest
1948 726 2058 757 voce

363 791 562 836 διζυγι,
601 793 716 835 quae
746 784 833 824 tam
867 783 1016 825 funem
1051 782 1275 837 duplicem
1310 795 1443 837 quam
1477 784 1626 826 funem
1662 784 1868 838 duplices
1901 796 2058 827 manus

363 853 708 908 conjungentem
735 853 985 908 significare
1010 856 1170 908 potest.
1190 853 1420 896 Praeterea
1443 855 1650 897 consulto
1669 855 1868 909 eJ‘usdem
1890 855 2057 898 litterae

361 934 390 968 δ
427 924 689 966 assiduitate
722 923 910 967 Nonnus
943 936 1052 967 usus
1076 936 1176 967 esse
1209 925 1403 967 videtur:
1436 933 1689 979 πεπεδηότα
1719 935 1864 980 δίςυγι
1891 937 2058 982 δεσμῷ.

420 1066 454 1108 Ε
486 1067 659 1118 ceteris,
693 1078 807 1120 quae
842 1067 946 1109 inde
979 1079 1004 1109 a
1036 1078 1166 1110 versu
1204 1067 1286 1110 130
1319 1078 1463 1121 usque
1496 1068 1552 1110 ad
1586 1069 1746 1123 capitis
1775 1067 1901 1110 XVlll
1924 1069 2056 1111 finem

359 1138 402 1179 in
436 1133 712 1192 Paraphrasi'
735 1134 983 1192 leguntur¹)
1010 1139 1155 1192 iisque
1180 1138 1492 1181 describuntur
1515 1150 1579 1189 ea,
1604 1150 1719 1193 quae
1743 1150 1891 1181 coram
1916 1138 2057 1182 Pilato

358 1210 456 1251 acta
489 1210 604 1260 sunt,
640 1208 784 1251 donec
814 1206 1019 1252 Christus
1041 1209 1301 1264 flagellatur,
1329 1209 1419 1251 duo
1443 1211 1610 1252 tantum
1636 1210 1904 1264 explicanda
1927 1209 2056 1266 elegi.

358 1278 552 1322 Primum
586 1281 666 1331 est,
700 1280 823 1334 quod
857 1280 1016 1335 legitur

357 1360 441 1398 Par.
467 1361 715 1405 XV111,164:
1331 1357 1637 1407 ὑμέτερον
1663 1359 1716 1396 δὲ

626 1433 713 1468 165:
767 1427 915 1476 ἔθνος,
944 1429 1017 1467 ἴνα
1042 1432 1180 1478 κρίνω
1206 1440 1269 1472 σε,
1295 1433 1371 1467 καὶ
1398 1428 1550 1478 ἀνέρες
1576 1428 1806 1479 ἀρχιερῆες

626 1503 715 1539 166:
766 1498 897 1537 αὐτοὶ
924 1498 1026 1545 ἐμοὶ
1050 1500 1318 1548 παρέδωκαν
1353 1499 1639 1547 ἀναυδέες,
1673 1505 1765 1547 quo
1799 1493 1900 1536 lOCO
1933 1494 2054 1548 apud

351 1574 567 1630 Joannem
610 1576 791 1631 legitur:
833 1583 886 1620 τὸ
925 1580 1060 1628 ἔθνος
1096 1583 1149 1619 τὸ
1187 1583 1267 1620 σὸν
1299 1585 1374 1619 καὶ
1399 1581 1443 1619 οἱ
1469 1581 1690 1631 ἀρχιερεῖς
1714 1583 1981 1631 παρέδωκάν
2007 1593 2056 1621 σε

355 1652 519 1701 ἐμοί’).
556 1645 760 1689 Formam
795 1647 1075 1701 pronominis
1108 1651 1385 1702 ὑμετέρου
1419 1646 1635 1700 pluralem
1662 1647 1845 1689 adhibet
1866 1646 2055 1690 Nonnus

357 1729 437 1772 pro
470 1717 697 1772 singulari.
732 1716 806 1760 Sic
839 1729 1022 1771 quoque
1056 1721 1139 1758 Par.
1167 1722 1389 1765 XV111‚56:
1427 1717 1732 1767 ἡμετέρου
1769 1719 1833 1756 δὲ

590 1800 659 1835 57:
709 1794 764 1833 οὐ
788 1798 950 1842 πίομαι
974 1809 1073 1843 γεν
1088 1796 1107 1833 ἑ
1123 1810 1148 1832 τ
1163 1809 1229 1833 ao
1255 1796 1391 1843 φίλον
1417 1796 1555 1842 δέπας
1579 1793 1680 1842 ἡδέι
1705 1799 1866 1844 θυμῷ,·

355 1867 397 1908 et
429 1869 512 1906 Par.
538 1870 670 1914 XVlll,
698 1870 786 1907 169:
1317 1865 1579 1915 ἡμετέρη
1603 1868 1687 1915 γὰρ

698 1941 788 1977 170:
838 1937 878 1974 εἰ
902 1938 1009 1975 πέλε
1034 1938 1322 1986 κοιρανὶη
1346 1936 1529 1984 γαιήιος,

429 2011 512 2048 Par.
539 2011 787 2055 XV111,179:
835 2009 1108 2056 γλώσσης
1144 2007 1455 2057 ἡμετέρης.

355 2084 482 2127 Hunc
516 2095 644 2127 usum
670 2084 837 2138 optime
861 2084 1055 2138 explicat
1077 2083 1412 2126 Kiihner-Blass
1429 2080 1477 2138 ³).
1511 2083 1681 2126 Etenim
1704 2083 1847 2126 forma
1869 2083 2054 2138 pluralis

354 2155 429 2198 illa
462 2155 629 2197 indicat
661 2167 766 2206 rem,
800 2154 855 2197 de
889 2166 977 2208 qua
1000 2155 1157 2209 agitur,
1181 2155 1399 2209 pertinere
1423 2153 1748 2208 quoquomodo
1771 2166 1861 2196 non
1884 2156 2052 2196 tantum

354 2226 410 2268 ad
443 2238 558 2276 eum,
592 2226 668 2281 qui
701 2225 843 2268 forma
876 2226 1157 2280 pronominis
1189 2225 1460 2280 designatur,
1485 2225 1565 2268 sed
1589 2225 1645 2267 ad
1668 2225 1782 2268 alios
1807 2237 1989 2279 quoque
2012 2225 2050 2267 ei

355 2297 635 2352 coniunctos.
680 2294 910 2352 Significat
953 2297 1084 2351 igitur
1116 2301 1393 2352 ὑμέτερον
1430 2304 1490 2340 δὲ
1528 2300 1695 2350 ἔθνος
1738 2295 1956 2350 populum
1994 2296 2051 2338 ad

355 2379 487 2422 quem
521 2370 580 2419 tu,
615 2380 747 2423 quem
781 2368 1001 2422 alloquor,
1025 2368 1235 2422 pertines,
1260 2370 1302 2410 et
1324 2368 1566 2422 populares
1588 2368 1664 2409 tui.
1699 2365 1858 2409 Verum
1883 2367 2050 2410 sensim

354 2440 450 2481 sine
497 2450 634 2482 sensu
682 2440 936 2493 promiscue
984 2441 1216 2493 utramque
1266 2438 1451 2493 pluralis
1499 2441 1541 2480 et
1582 2437 1821 2493 singularis
1864 2437 2050 2480 formam

353 2510 566 2553 adhibere
599 2511 844 2570 coeperunt
875 2511 1095 2552 auctores.

411 2651 620 2706 Alterum,
654 2652 777 2707 quod
810 2652 1056 2707 explicetur
1088 2663 1274 2694 necesse
1307 2653 1387 2701 est,
1420 2651 1579 2706 legitur

353 2740 436 2777 Par.
464 2740 594 2783 xvlll,
622 2741 710 2775 174:
759 2739 834 2773 καὶ
862 2736 1060 2782 Πιλάτος
1084 2735 1220 2773 πάλιν
1245 2728 1367 2773 εἶπεν
1394 2734 1609 2782 ἀμοιβαίῃ
1634 2737 1723 2771 τινὶ
1751 2741 1891 2782 φωνῇ·

622 2811 711 2847 175;
761 2799 786 2853 ἦ
812 2807 868 2855 ῥά
895 2821 950 2844 νυ
974 2806 1181 2855 κοὶρανός
1207 2804 1328 2851 ἑσσι,·
1353 2809 1428 2843 καὶ
1453 2804 1721 2852 ἁντιάχησεν
1743 2802 1922 2853 Ἰησους·

623 2881 712 2917 176:
761 2880 836 2914 καὶ
860 2877 1052 2925 γενόμην
1077 2877 1140 2923 εἰς
1165 2882 1301 2913 τοῦτο
1325 2880 1400 2913 καὶ
1426 2875 1615 2922 ἤλυθον,
1643 2875 1763 2925 ὄφρα
1787 2889 1864 2913 κεν
1890 2876 1978 2913 αἰεὶ

621 2952 710 2988 177:
759 2948 932 2997 μάρτυς
958 2946 1195 2995 ἑτητυμὶης
1219 2948 1496 2994 πανθελγέος
1522 2946 1741 2996 ἀνδράσιν
1767 2946 1874 2994 εἴην·

404 3067 433 3114 ¹)
460 3069 518 3106 cf.
540 3070 597 3116 Jo.
625 3070 754 3112 xviii,
779 3070 932 3107 28—40.
1253 3067 1282 3113 ³)
1312 3069 1370 3105 ef.
1398 3068 1718 3114 Kunner-Biass
1744 3068 1784 3112 ll,
1813 3070 1844 3112 1,
1869 3078 1905 3114 p.
1931 3068 1988 3111 83,
2014 3068 2048 3104 3.

405 3126 434 3173 ⁸)
456 3129 513 3176 Jo.
539 3129 668 3173 xvin,
694 3129 751 3165 35.
