2180 3606
991 209 1065 251 141

244 336 537 385 τετράζυξ
561 357 607 362 -
632 338 715 374 Par.
741 338 778 373 Il.
805 337 859 380 11.;
887 336 1000 372 Dion.
1027 336 1066 379 II,
1091 336 1184 378 422;
1210 335 1286 378 VII,
1311 335 1357 378 6;
1383 333 1461 376 XII,
1489 333 1566 369 169.

245 398 467 447 ὀμόζυξ
491 422 538 426 -
562 403 645 439 Par.
672 402 711 445 II,
736 403 804 445 253
830 401 890 445 VI,
915 401 980 445 89;
1007 400 1051 443 X,
1076 400 1142 443 85;
1169 401 1240 435 cet.
1267 399 1417 442 decies;
1444 397 1557 434 Dion.
1576 397 1600 440 I,
1618 397 1766 440 438;11,
1784 397 1871 439 423,

187 468 345 511 XLVIII,
374 469 450 504 126.

245 527 542 576 ὁμόζυγος
566 550 613 554 ——
638 531 720 567 Par.
747 531 808 574 VI,
838 530 922 574 167;
949 529 994 573 X,
1022 530 1105 572 1383
1132 529 1245 565 Dion.
1264 528 1290 571 1,
1308 528 1396 571 4953
1423 527 1484 570 IX,
1506 527 1590 570 1223
1616 525 1774 568 XLVIII,
1796 526 1872 561 171.

245 592 270 630 ὁ
284 608 317 639 μ
331 607 355 630 ο
371 596 392 639 ζ
407 593 508 641 υγή
522 607 543 639 ς
567 614 614 619 -
639 595 722 631 Par·
741 595 801 637 IV,
823 596 908 637 142;
927 594 1004 637 VII,
1024 593 1201 637 523X111,
1223 593 1304 635 10ος
1324 594 1396 628 cet.
1415 592 1579 636 septies;
1603 590 1716 626 Dion.
1735 589 1775 632 11,
1792 591 1872 625 215.

245 657 425 704 σύζυξ
450 680 495 684 ——
522 661 604 697 Par.
630 661 655 703 I,
680 661 749 703 413
776 659 836 703 VI,
861 660 929 702 28;
956 659 1069 702 XVII,
1093 659 1163 701 68;
1188 658 1258 701 74;
1284 657 1366 700 XX,
1392 657 1460 700 28;
1487 655 1600 692 Dion.
1625 655 1666 698 II,
1691 654 1772 691 587.

245 722 500 770 σύζυγος
524 744 570 749 —
596 725 679 762 Par.
705 725 802 768 XIV,
828 721 929 768 36†.

246 787 455 835 ἰσόζυξ
479 809 526 813 -
552 790 635 826 Par.
661 789 706 833 V,
735 790 823 832 104;
850 788 909 832 VI,
938 789 1027 831 171;
1054 787 1167 823 Dion.
1195 787 1219 830 I,
1248 786 1324 822 191.

246 852 527 899 ἰσόζυγος
551 873 598 878 —
622 854 706 890 Par.
732 854 777 897 V,
801 854 870 896 85;
897 852 995 895 XIV,
1020 853 1088 896 71;
1115 851 1228 887 Dion.
1255 851 1279 893 I,
1308 851 1384 886 183.

186 914 416 957 Praeterea
449 916 492 957 in
524 913 810 968 Dionysiacis
842 912 999 967 legitur

245 987 613 1035 τετράζυγος
636 1007 683 1011 -—
708 987 823 1024 Dion.
850 988 873 1030 I,
899 986 1058 1030 473;11,
1084 987 1175 1029 524;
1202 985 1280 1028 XII,
1309 985 1385 1020 107.

244 1065 270 1088 ν
284 1064 304 1088 ε
319 1065 342 1087 0
359 1053 379 1096 ς
395 1065 421 1087 υ
434 1050 497 1098 γὴ
511 1064 532 1097 ς
554 1072 601 1076 -
626 1053 740 1089 Dion.
767 1051 925 1094 xwur,
950 1052 1032 1087 237.

184 1124 350 1168 Omnia
381 1126 489 1168 haec
523 1123 742 1167 vocabula
774 1122 1031 1177 praesertim
1069 1120 1188 1175 apud
1223 1121 1379 1174 poetas
1413 1120 1572 1162 usitata
1602 1120 1717 1161 sunt.
1756 1117 1876 1160 Tan-

185 1197 416 1239 tummodo
459 1203 586 1249 δίζυξ
626 1193 747 1249 apud
790 1193 1029 1235 Homerum
1063 1191 1107 1233 11.
1140 1191 1189 1242 V,
1227 1190 1321 1241 125,
1355 1189 1404 1241 X,
1437 1190 1538 1240 473,
1570 1196 1753 1243 σύζυγος
1785 1200 1874 1230 non

188 1268 270 1310 nisi
296 1266 407 1309 Phil.
431 1267 496 1318 IV,
514 1266 541 1308 3
564 1266 735 1320 legItur.
755 1264 912 1306 Forma
930 1262 1190 1305 nominativi
1215 1262 1258 1303 in
1283 1268 1407 1314 -ςυξ
1430 1271 1649 1313 nusquam
1671 1258 1872 1301 occurrit.

187 1337 371 1391 Propria
412 1337 609 1379 omnium
651 1335 805 1377 harum
848 1344 1008 1375 vocum
1053 1333 1122 1375 vis
1163 1333 1253 1374 est:
1299 1331 1521 1385 „bijugus,
1554 1327 1874 1384 quadriiugus’'

187 1410 282 1459 cet„
316 1408 396 1450 sed
420 1407 552 1449 latius
574 1405 729 1448 eadem
754 1403 1003 1447 extenditur
1024 1402 1080 1445 ad
1104 1401 1498 1457 significationem:
1535 1400 1742 1454 „duplex,
1765 1410 1877 1452 qua-

186 1477 403 1533 druplex”
438 1479 535 1528 cet„
568 1477 676 1530 quin
711 1476 869 1517 immo:
905 1474 1038 1525 „du0,
1072 1471 1289 1527 quatuor''
1324 1473 1421 1514 cet..
1455 1468 1528 1513 Sic

245 1555 386 1602 ἄζυξ
412 1575 455 1581 -
488 1559 578 1589 non
607 1543 929 1601 (matrimonio)
950 1544 1142 1600 Junctus,
1167 1555 1255 1585 non
1279 1542 1363 1585 sub
1391 1542 1543 1597 jugum
1568 1541 1746 1590 missus,
1769 1540 1878 1582 sim-

188 1619 304 1674 plex,
338 1630 467 1662 unus.

245 1697 419 1744 δῑςυξ
445 1716 488 1722 -
521 1689 724 1744 bijugus:
758 1686 854 1730 Par.
887 1685 953 1738 IV,
991 1686 1064 1728 191
1094 1685 1183 1728 Eos
1215 1681 1291 1739 (cf.
1315 1686 1488 1727 contra:
1522 1687 1605 1724 Par.
1631 1687 1692 1731 XI,
1718 1687 1785 1723 24:
1812 1686 1879 1720 δι-

186 1759 383 1804 χθαδὶης
409 1754 546 1802 ἠοῦς).

187 1827 375 1881 duplex:
409 1825 542 1868 Dion.
575 1823 676 1875 VIII,
714 1823 764 1866 17
798 1822 852 1865 de
885 1822 1016 1873 tibia;
1049 1820 1118 1873 XI,
1150 1821 1177 1864 5
1209 1820 1264 1863 de
1297 1820 1494 1862 victoria.

187 1898 302 1940 duo:
335 1907 419 1944 par.
444 1905 509 1949 xi,
534 1907 602 1943 25:
640 1904 823 1949 ‹ugvyov
849 1893 982 1949 ἦμαρ.

244 1968 540 2017 τετράζυξ
565 1991 609 1997 -
642 1965 958 2021 quadrijugus:
992 1967 1104 2005 Dion.
1131 1968 1155 2011 1,
1180 1969 1272 2004 473:
1310 1963 1577 2012 τετράζυγον
1603 1961 1737 2010 ἅρμα·

187 2037 489 2091 quadruplex:
523 2041 637 2078 Dion.
661 2040 740 2085 XII,
769 2042 857 2077 107:
895 2036 1159 2085 τετράζυγος
1184 2034 1320 2082 ὀμφή.

188 2109 399 2162 quatuor:
433 2111 516 2148 Par.
542 2111 620 2155 Vll,
644 2111 690 2147 9:
727 2101 821 2154 υἷες
841 2104 1016 2153 Ἰωσήφ.

246 2183 455 2231 ὁμόςυξ
481 2204 525 2210 -
557 2176 642 2220 sub
671 2177 828 2219 eodem
851 2176 957 2231 Jugo
981 2175 1270 2231 coniunctus:
1301 2179 1415 2216 Dion.
1441 2177 1480 2222 11,
1504 2178 1596 2213 423:
1623 2173 1746 2211 ἵπποι
1772 2171 1878 2219 ὁμό-

188 2246 324 2292 ζυγες.

189 2308 469 2350 matrimonio
500 2307 692 2362 junctus,
720 2305 839 2360 apud
872 2306 1114 2360 scriptores
1148 2304 1389 2347 Ecclesiae.

189 2389 474 2432 quocumque
508 2377 643 2419 modo
676 2377 966 2432 coniunctus:
999 2380 1083 2417 Par.
1109 2379 1149 2423 11,
1174 2380 1242 2416 25:
1281 2373 1575 2422 ἀμφιφορῆες.

249 2456 314 2493 σύ
330 2458 350 2501 ζ
366 2470 392 2493 υ
406 2456 429 2503 ξ
448 2472 490 2487 =
509 2453 689 2502 ὁμόζυξ.

249 2532 456 2579 ι’σόςυξ
482 2556 525 2561 -
557 2529 775 2584 aequalis,
808 2529 1082 2572 communis:

236 2610 319 2646 Par.
348 2611 390 2655 V,
415 2612 483 2647 85:
533 2607 633 2645 υἱέα
657 2607 904 2654 τιμήσωσιν
930 2607 1134 2653 ι’σόζυγον
1160 2604 1196 2653 ᾡ
1220 2609 1432 2652 γενετῆρι.

247 2683 533 2731 νεοζυγὴς
559 2710 602 2715 -
636 2695 792 2726 recens
824 2683 1115 2738 conjunctus:
1149 2679 1281 2722 Dion.
1315 2678 1489 2730 XLVIII,
1521 2678 1620 2720 237.

239 2798 490 2837 ’Ἁνασσα
515 2825 559 2830 -
586 2804 669 2841 Par.
696 2805 794 2848 XIX,
824 2805 888 2840 145
903 2801 943 2847 †.
1942 2799 1993 2841 Ν.
2018 2799 2087 2842 78.

191 2874 466 2917 Vocabulum
510 2882 680 2921 ἄνασσα
725 2877 768 2918 in
811 2875 1073 2929 paraphrasi
1118 2885 1206 2915 non
1246 2872 1450 2926 designat
1482 2871 1610 2913 deam
1644 2869 1723 2912 sed
1762 2870 1877 2925 regi-

192 2957 306 2995 nam,
355 2946 594 2989 dominam.
644 2947 738 2989 I-Ioc
785 2947 1109 2988 demonstratur
1150 2945 1404 2997 comparata
1445 2953 1555 2984 voce
1599 2947 1722 2994 ἅναξ.
1765 2940 1875 2983 Nam

193 3017 381 3070 primum
416 3023 525 3070 ἅναξ
557 3018 716 3059 dicitur
746 3017 866 3070 apud
901 3015 1139 3057 Homerum
1173 3026 1261 3055 non
1285 3013 1430 3055 solum
1454 3012 1508 3054 de
1533 3011 1619 3053 diis
1642 3011 1722 3053 sed
1745 3012 1875 3053 etiam

192 3087 247 3128 de
280 3087 537 3129 hominibus
570 3087 812 3137 nobilibus,
846 3086 900 3128 de
934 3085 1141 3136 dominis,
1175 3084 1340 3137 quibus
1365 3082 1553 3137 subiecti
1577 3084 1679 3125 sunt
1701 3092 1875 3132 δοῦλοι,
