2180 3606
1193 186 1249 227 92

370 313 574 360 Christus
608 316 820 370 prodierit
853 328 906 357 ex
940 327 993 357 eo
1028 316 1138 358 horti
1164 315 1278 366 loco,
1303 316 1377 357 ubi
1403 318 1520 359 esset
1539 313 1583 369 ¹).
1619 316 1661 357 ln
1688 315 1819 369 priori
1845 315 2063 358 sententia

370 388 660 441 paraphrasta
693 388 760 429 est
793 397 937 440 neque
971 386 1057 428 sibi
1093 386 1356 428 contradicit

417 472 500 510 Par.
527 471 661 517 XVIII,
691 473 778 509 126:
1490 468 1544 507 οὐ
1571 480 1616 507 σε
1643 467 1741 515 μετ’
1773 468 1914 506 αὐτοῦ

687 543 778 580 Ι27;
828 533 956 578 εἶδον
982 539 1067 587 ἐγὼ
1094 541 1335 589 δρυόεντος
1360 539 1572 586 ὁμέστιον
1599 538 1800 578 ἔνδοθι
1825 540 2008 588 κήπου.

369 623 569 666 Attamen
600 633 664 673 ea,
694 633 809 675 quae
833 622 888 664 de
912 623 1039 664 horto
1064 621 1210 676 deque
1235 624 1430 665 extremo
1454 623 1550 678 ejus
1573 623 1738 678 angulo
1762 622 1880 665 dicta
1902 618 2062 676 sunt²),

369 695 471 737 huic
519 694 763 736 sententiae
815 694 1066 736 consentire
1116 705 1204 735 non
1247 693 1465 735 videntur.
1508 693 1795 736 Manifestum
1837 695 1905 736 est
1945 693 2062 735 enim

369 764 609 807 Dominum
635 775 688 806 ex
711 765 824 806 horti
849 764 1014 819 angulo
1039 764 1331 818 processisse,
1356 775 1455 806 eum
1480 776 1533 806 ex
1557 765 1658 819 ipso
1683 765 1810 806 horto
1833 775 2062 819 egressum

369 847 468 879 esse
503 846 592 877 non
628 835 909 890 intellegitur.
943 834 1113 878 Tamen
1147 834 1329 879 verbum
1363 842 1528 889 ἐάσας
1559 835 1846 878 solummodo
1874 835 1928 877 de
1962 835 2062 877 loco

369 906 581 949 derelicto
615 906 827 960 explicari
862 907 1009 960 potest
1025 903 1071 961 3).

427 977 677 1032 Intrepidus
712 977 927 1032 deinceps
961 975 1167 1021 Christus
1196 977 1358 1020 milites
1381 978 1632 1033 interrogat,
1656 988 1828 1020 summa
1851 977 2064 1032 dignitate

369 1048 611 1102 praeditus.
646 1048 690 1090 Id
729 1048 932 1099 Nonnus,
967 1050 1012 1090 ut
1045 1049 1242 1091 omittam
1277 1049 1497 1091 vocabula
1531 1055 1794 1105 ἄτρομος
1827 1050 1868 1091 et
1900 1053 2064 1092 αὐτο-

365 1127 709 1173 κέλευστος,
745 1120 1002 1174 praesertim
1037 1120 1242 1174 exprimit
1275 1119 1344 1162 his
1376 1119 1548 1161 verbis:

414 1207 496 1243 Par.
525 1207 653 1249 XVIII,
680 1207 723 1242 27
740 1219 747 1242 :
798 1206 872 1240 καὶ
898 1204 1110 1252 στρατιὴν
1137 1202 1301 1252 ἐρέεινε
1328 1204 1607 1241 σακέσπαλον
1634 1202 1658 1240 ὁ
1673 1204 1696 1250 ξ
1711 1203 1729 1240 ἐ
1746 1217 1761 1240 ι
1798 1217 1831 1249 μ
1845 1203 1872 1240 ὐ
1886 1206 1922 1240 θ
1936 1215 1985 1251 ῳ·

685 1279 731 1313 34
745 1290 752 1313 :
1323 1277 1397 1311 καὶ
1424 1273 1482 1321 ὡς
1508 1273 1760 1321 ἐφθέγξατο
1787 1278 1882 1322 λαῷ

685 1350 731 1385 35
746 1360 753 1384 :
805 1343 1072 1394 ἀβροχίτων,
1101 1345 1313 1394 ἀσίδηρος
1340 1345 1451 1393 ἄναξ
1476 1346 1501 1394 ῥ
1512 1345 1602 1393 ἠξή
1612 1360 1637 1382 ν
1648 1359 1672 1382 ο
1683 1359 1709 1394 ρ
1721 1360 1735 1382 ι
1762 1359 1795 1392 φ
1806 1359 1842 1382 ω
1852 1359 1877 1383 ν
1887 1357 1926 1393 ῃ·

683 1420 729 1455 39
744 1431 751 1455 :
797 1413 962 1463 Ἰησοῦς
988 1413 1028 1453 δ’
1036 1415 1200 1465 ἐρέεινε
1228 1418 1280 1454 τὸ
1307 1416 1522 1466 δεύτερον
1548 1414 1611 1462 ε”μ
1623 1430 1655 1463 φ
1666 1430 1691 1465 ρ
1702 1429 1726 1453 ο
1737 1430 1762 1454 ν
1777 1430 1791 1452 ι
1816 1430 1851 1462 μ
1860 1415 1888 1453 ύ
1898 1419 1934 1453 θ
1944 1427 1993 1464 ῳ·

683 1491 750 1526 43;
798 1484 963 1534 Ἰησοῦς
989 1485 1249 1536 δ’ἀγόρευεν
1276 1487 1597 1536 ἀδειμάντῳ
1624 1490 1736 1524 τινὶ
1763 1492 1926 1534 φωνῇ.

366 1567 590 1611 Omnibus
631 1569 702 1611 his
744 1569 949 1611 versibus
989 1570 1278 1624 paraphrasta
1312 1570 1650 1625 oppositionum
1686 1569 1876 1611 maxime
1909 1580 2064 1612 amans

367 1642 446 1683 est.
491 1639 663 1682 Passim
710 1640 827 1682 enim
862 1640 1026 1683 milites
1058 1640 1221 1696 gladiis
1255 1641 1505 1695 clipeisque
1541 1640 1740 1683 instructi
1774 1641 2065 1695 opponuntur

366 1710 562 1753 Domino
586 1711 754 1753 inermi.
790 1710 900 1753 Nam
926 1711 1089 1754 milites
1112 1712 1340 1754 dicuntur:
1374 1719 1631 1768 στρατιὴ
1669 1718 2062 1765 σακέσπαλος,

366 1784 809 1833 σιδηροφόρων*)
840 1784 1074 1832 στρατὸς
1100 1783 1335 1833 ἄνδρων,
1362 1784 1681 1831 μαχὴμονες
1707 1782 2063 1826 ἀσπιδιώται,

366 1853 587 1896 Dominus
616 1855 761 1896 autem
796 1859 1114 1909 ὰβροχίτων
1141 1860 1410 1910 ἀσίδηρος
1442 1856 1521 1897 est.
1547 1854 1667 1896 Haec
1691 1852 1924 1904 vocabula,
1949 1865 2063 1907 quae

366 1925 409 1966 in
443 1923 706 1978 Paraphrasi
740 1924 1049 1967 tantummodo
1083 1925 1184 1967 loco
1213 1925 1393 1967 laudato
1418 1926 1622 1980 leguntur
1638 1922 1686 1979 5),
1710 1925 1754 1966 in
1778 1923 2064 1979 Dionysiacis

366 1990 606 2049 conjuncta
637 1996 802 2050 scripta
835 1998 938 2038 sunt
970 1996 1024 2038 de
1057 1995 1228 2039 Athena
1245 1993 1291 2051 6)‚
1326 1997 1380 2038 de
1414 1995 1618 2051 Dionyso
1633 1992 1681 2050 ⁷).
1714 1994 1803 2039 Sed
1827 1994 2062 2046 Dominus,

365 2078 637 2120 quamquam
673 2067 822 2109 tunica
855 2067 977 2109 molli
1012 2067 1194 2110 indutus
1227 2069 1294 2110 est
1325 2069 1367 2109 et
1399 2068 1594 2119 inermis,
1628 2067 1697 2110 sui
1732 2078 1921 2121 compos
1951 2078 2061 2109 voce

364 2138 485 2180 viros
526 2137 755 2192 frangente
773 2134 806 2192 8)
851 2140 892 2180 et
934 2138 1155 2192 intrepida
1172 2134 1204 2192 ⁹)
1248 2138 1457 2181 inimicos
1489 2139 1754 2193 alloquitur3
1788 2138 1896 2192 quin
1930 2138 2060 2180 etiam

366 2209 491 2262 proni
527 2209 690 2251 cadunt
723 2209 766 2250 in
799 2210 957 2250 terram
991 2209 1145 2251 inermi
1166 2206 1213 2263 ¹⁰)
1245 2210 1372 2252 vocis
1397 2209 1594 2264 procella
1617 2209 1880 2252 conturbati.
1903 2207 2059 2259 Verba,

365 2290 479 2333 quae
523 2280 565 2321 in
609 2279 842 2334 evangelio
885 2281 1133 2333 sequuntur
1175 2295 1209 2320 v.
1235 2285 1280 2320 5:
1315 2281 1433 2328 λέγει
1461 2279 1614 2328 αὐτοῖς
1636 2278 1816 2328 Ἰησοῦς·
1842 2279 1927 2327 ἐγώ
1953 2280 2060 2325 εἰμι,

366 2351 655 2405 paraphrasta
687 2351 1033 2404 praetermittere
1067 2362 1156 2393 non
1190 2351 1347 2405 potuit,
1382 2351 1461 2393 sed
1496 2351 1677 2393 codices
1711 2351 1944 2403 hucusque
1968 2361 2062 2393 ser-

365 2422 451 2463 vati
496 2433 647 2464 eorum
692 2421 1150 2476 circumscriptionem
1195 2433 1283 2463 non
1324 2422 1546 2464 exhibent.
1584 2420 1808 2464 Christum
1843 2432 1895 2463 ea
1926 2421 2062 2463 verba

365 2492 535 2535 dixisse
548 2492 736 2535 Nonnus
751 2493 918 2535 indicat
937 2498 1038 2533 v.34:
1057 2497 1146 2531 καὶ
1174 2493 1240 2541 ὡς
1265 2492 1582 2541 ἐφθέγξατο
1609 2498 1720 2542 λαῷ
1739 2490 2057 2535 cet..Ordinem

365 2564 510 2605 autem
559 2575 766 2606 versuum
816 2566 950 2618 atque
998 2576 1140 2606 rerum
1190 2564 1233 2605 in
1277 2562 1539 2618 Paraphrasi
1584 2564 1701 2605 hunc
1743 2563 1883 2606 fuisse
1927 2565 2058 2618 puto:

366 2636 469 2687 post
491 2649 525 2674 v.
544 2640 611 2675 30:
635 2635 890 2689 explanatio
913 2635 1149 2677 verborum
1164 2634 1372 2689 Joannis:
1396 2642 1511 2688 λέγει
1533 2640 1685 2688 αὐτοῖς
1700 2639 1876 2688 Ἰησοῦς,
1897 2634 2058 2676 deinde

419 2737 443 2781 ¹)
472 2738 531 2775 Cf.
558 2740 852 2783 Knabenbauer,
879 2741 916 2776 in
940 2740 1140 2786 joannem,
1166 2749 1201 2784 p.
1227 2740 1308 2775 510.
1376 2736 1404 2783 ⁵¹)
1432 2738 1489 2775 Cf.
1518 2738 1602 2775 Par.
1629 2739 1758 2783 XVllI,
1783 2740 1916 2785 5sqq..

416 2796 442 2840 ³)
472 2797 529 2834 Cf.
556 2798 639 2834 Par.
667 2799 721 2842 ΙΙΙ,
750 2800 834 2835 110:
861 2796 979 2832 πέδον
1009 2798 1206 2831 Γαλιλαῖον
1234 2796 1363 2839 ἐάσας;
1391 2798 1450 2842 lV,
1476 2799 1568 2841 2223
1595 2798 1671 2841 XII,
1701 2800 1738 2841 1;
1765 2800 1924 2844 passim.

415 2856 442 2894 ⁴)
471 2856 673 2893 Praeterea
700 2857 782 2892 Par.
810 2857 907 2901 XIX,
933 2859 1001 2894 73:
1029 2854 1287 2901 σιδηροφόρωυ
1312 2856 1388 2891 ἀπὸ
1414 2858 1578 2901 γόμφων.

415 2913 442 2956 ⁵)
471 2915 674 2952 Praeterea
698 2913 875 2960 ἀσίδηρος
901 2917 984 2953 Par.
1012 2917 1088 2960 XII,
1118 2917 1194 2952 162.
1380 2916 1408 2960 ⁷)
1436 2916 1495 2953 Cf.
1522 2916 1635 2952 Di0n.
1663 2917 1786 2961 XLIII,
1811 2918 1891 2953 441.

416 2971 442 3016 ⁶)
472 2973 529 3009 Cf.
557 2973 670 3009 Dion.
697 2975 737 3017 II,
763 2976 843 3011 708.
1377 2973 1406 3019 ⁸)
1435 2975 1519 3011 Vox
1547 2971 1713 3018 ῥἠξήνωρ
1740 2977 1778 3011 in
1805 2975 1887 3011 Par.
1914 2973 1954 3019 †.

416 3032 443 3075 ³)
470 3029 703 3076 Ἀδείμαντος
729 3033 812 3070 Par.
839 3034 883 3078 v,
908 3036 976 3078 443
1004 3035 1080 3078 vn,
1106 3035 1174 3074 47:
1201 3034 1330 3078 xvui,
1356 3036 1412 3070 43.

401 3091 443 3135 11’)
467 3088 631 3136 Ἀτευχής
657 3094 693 3128 in
722 3092 804 3128 Par.
831 3090 878 3136 †;
907 3093 1018 3129 Dion.
1047 3093 1070 3135 Ι,
1097 3094 1184 3136 476;
1212 3094 1325 3137 XVII,
1354 3095 1443 3136 139;
1471 3094 1584 3137 XXII,
1610 3094 1701 3136 374;
1730 3094 1863 3137 XXIV,
1889 3094 1968 3129 237.
