2180 3606
933 201 978 242 11

113 333 274 387 longos
307 332 496 386 capillos
528 330 783 373 habentium
813 328 1158 381 Galilaeorum'’,
1193 330 1295 384 quis
1328 332 1407 380 est,
1441 330 1516 383 qui
1551 329 1714 383 cogitet
1746 328 1800 371 de

114 402 347 445 doloribus
380 401 566 456 partus?
600 399 727 443 Unde
752 402 871 454 patet
893 400 1098 442 vocabuli
1123 405 1328 445 εὐώδιν
1350 401 1438 442 vim
1463 401 1506 441 in
1529 399 1801 453 Metaphrasi

114 484 214 515 esse
250 475 441 526 „partu
474 470 665 521 felix”‚
700 482 789 512 non
823 469 1069 525 designatis
1101 471 1347 513 doloribus.

172 542 340 585 Omitto
373 555 483 585 voce
515 547 682 586 εὐώδιν
703 540 942 595 significari
970 553 1106 595 posse
1130 553 1243 592 eum,
1269 542 1343 595 qui
1367 541 1484 583 felici
1510 541 1635 594 partu
1659 539 1804 582 editus

114 616 193 663 est,
227 625 315 666 qua
347 612 673 668 significatione
706 612 749 652 in
784 610 1045 665 paraphrasi
1079 612 1276 654 admissa
1309 613 1562 654 contextum
1591 609 1805 652 orationis

113 683 374 726 Nonnianae
394 683 525 738 plane
548 693 751 724 corruere
776 681 957 723 incurrit
981 682 1023 723 in
1048 682 1219 724 oculos,
1243 681 1398 736 Neque
1422 681 1514 724 fieri
1539 680 1644 722 mihi
1669 691 1804 734 posse

113 754 298 805 videtur,
333 757 378 796 ut
410 754 526 807 quis,
559 753 727 794 ratione
761 752 911 794 habita
943 753 1260 794 sententiarum
1295 752 1583 801 laudatarum,
1616 750 1806 792 vocibus

113 830 280 869 εὐώδιν
322 827 363 866 et
401 831 646 879 ἀπειρώδιν
688 823 927 877 significari
963 825 1086 877 putet
1116 823 1303 865 Mariam
1338 823 1434 865 sine
1468 824 1592 876 partu
1621 820 1806 876 Joannis

115 897 294 937 matrem
338 895 550 937 extitisse.
595 893 758 937 Omnia
800 894 916 935 enim
964 905 1017 935 eo
1061 895 1276 947 spectant,
1320 895 1366 935 ut
1406 896 1550 948 poeta,
1595 891 1717 946 quod
1750 891 1806 933 ad

113 966 280 1008 Mariae
312 966 606 1020 virginitatem
640 964 853 1006 illibatam
888 964 1054 1014 attinet,
1088 963 1266 1005 nonnisi
1301 963 1354 1005 de
1390 964 1489 1017 ipsa
1521 963 1667 1016 deque
1694 961 1807 1004 Filio

114 1036 210 1091 ejus
253 1034 430 1079 Christo
473 1035 668 1077 Domino
703 1045 833 1088 agere
867 1034 1080 1076 videatur.
1116 1032 1319 1075 Profecto
1354 1034 1641 1088 paraphrasta
1672 1032 1808 1074 verba

114 1113 418 1162 c’z'o‘Jtoqog¹),
458 1112 819 1159 ἀλόχευτοςῆ
864 1116 985 1146 more
1030 1106 1258 1158 pofflarum
1299 1104 1483 1154 addidit,
1532 1106 1578 1146 ut
1626 1103 1806 1157 planum

113 1177 276 1219 faceret
293 1177 522 1231 Joannem,
548 1178 700 1230 utpote
729 1175 804 1229 qui
834 1180 943 1230 ἀνήρ
969 1175 995 1217 i.
1016 1186 1051 1217 e.
1079 1175 1146 1216 vir
1166 1174 1345 1217 adultus
1363 1176 1494 1224 esset,
1519 1186 1607 1216 non
1627 1173 1710 1215 nisi
1730 1184 1809 1227 per

114 1247 377 1290 abusionem
401 1247 567 1289 Mariae
589 1246 728 1288 filium
752 1245 1013 1299 nuncupari.
1032 1244 1343 1287 Verumtamen
1363 1245 1461 1295 hoc,
1481 1244 1604 1298 quod
1623 1255 1692 1286 res
1711 1244 1809 1297 ipsa

115 1320 277 1369 monet,
312 1317 475 1359 addere
499 1316 733 1359 ridiculum
758 1317 861 1367 erat,
886 1316 929 1357 ni
954 1316 1071 1357 hunc
1094 1315 1232 1357 lilium
1257 1327 1336 1370 per
1358 1316 1622 1358 abusionem
1641 1315 1808 1356 dictum

115 1390 363 1443 opponeret
400 1400 501 1430 vere
541 1388 652 1430 Filio
686 1385 864 1430 Christo
897 1398 922 1428 a
954 1386 1096 1428 Maria
1127 1388 1263 1428 matre
1296 1398 1438 1440 eaque
1471 1386 1642 1440 virgine
1674 1385 1808 1428 edito.

174 1459 218 1501 ln
252 1459 399 1501 verbis
432 1459 626 1512 denique
661 1458 819 1500 ceteris
851 1458 1008 1499 horum
1042 1458 1325 1507 commatum,
1355 1459 1461 1512 puta
1491 1465 1741 1512 κορείην
1761 1453 1808 1509 3),

115 1537 542 1584 φιλοπάρθενε
578 1538 767 1584 μῆτερ
794 1526 840 1582 ⁴),
874 1528 968 1570 sive
1003 1528 1046 1569 in
1079 1539 1209 1570 versu
1244 1526 1574 1582 interpretando

162 1604 245 1641 Par.
273 1604 315 1648 11,
345 1606 404 1641 10:
456 1599 713 1649 ἀχράντῳ
738 1600 957 1648 παλάμῃ
982 1602 1182 1647 γαμίης
1208 1598 1467 1644 ψαύουσα
1492 1599 1774 1647 τραπέζης,

116 1682 206 1724 quo
239 1671 468 1725 virginitas
502 1682 622 1712 more
656 1670 834 1724 poetico
868 1670 1110 1724 opponitur
1142 1668 1369 1724 coniugio,
1403 1680 1492 1711 non
1523 1670 1603 1720 est,
1627 1680 1704 1710 cur
1726 1669 1810 1710 hoc

116 1741 217 1784 loco
251 1741 547 1783 immoremur.

176 1852 287 1897 Cum
308 1854 570 1907 quaestione
588 1852 643 1895 de
660 1853 911 1907 virginitate
929 1852 1097 1894 Mariae
1115 1853 1205 1894 arte
1225 1852 1464 1906 conJ'uncta
1486 1852 1589 1893 sunt
1610 1862 1674 1902 ea,
1695 1861 1809 1904 quae

116 1923 304 1966 Nonnus
328 1924 460 1966 habet
482 1924 537 1966 de
555 1924 770 1979 Josepho,
793 1923 944 1965 matris
967 1923 1152 1977 virginis
1175 1933 1361 1975 sponso.
1386 1920 1496 1964 Sunt
1513 1924 1659 1963 autem
1679 1922 1810 1963 haec:

164 2004 247 2042 Par.
274 2005 297 2041 1.
331 2006 415 2041 182:
460 1999 629 2048 Ἰησοῦν
655 1999 799 2038 ὁσίοιο
825 2001 1058 2048 βοώμενον
1084 1999 1184 2037 υἱὸν
1204 1997 1378 2046 Ἰωσήφ,

332 2077 414 2112 183;
466 2073 680 2121 Ναζαρὲθ
704 2078 912 2121 ναετῆρα,
939 2075 1054 2109 θεοῦ
1079 2071 1213 2118 γόνον
1235 2071 1278 2117 ⁶).

268 2147 343 2190 Vll,
373 2147 414 2183 8:
893 2160 904 2168 ·
1173 2139 1412 2188 ἀγχίμολοι
1439 2140 1491 2177 δὲ

372 2218 413 2253 9;
462 2217 626 2261 γνωτοὶ
651 2214 902 2258 ψευδαλέοι
927 2212 1187 2261 τετράζυγες
1214 2205 1305 2258 υἷες
1325 2209 1484 2258 Ἰωσήφ
1507 2212 1547 2257 ⁸).

177 2289 465 2333 Desideratur
507 2290 550 2332 in
594 2288 857 2344 Paraphrasi
900 2288 1054 2330 tertius
1097 2287 1316 2341 evangelii
1356 2287 1410 2329 de
1440 2286 1638 2341 Josepho
1672 2286 1812 2337 locus,

120 2362 194 2404 ubi
230 2361 418 2416 legimus
434 2375 442 2403 Ζ
478 2366 563 2414 οὐχ
588 2358 720 2414 οὗτος
746 2366 867 2404 ἐστιν
884 2363 1049 2413 Ἰησοῦς
1066 2364 1091 2402 ὁ
1110 2365 1204 2412 υἱὸς
1218 2362 1389 2411 Ἰωσήφ,
1409 2355 1463 2401 οὗ
1482 2362 1606 2411 ἡμεῖς
1623 2363 1814 2409 οἴδαμεν

120 2440 199 2476 τὸν
231 2439 400 2487 πατέρα
425 2441 500 2475 καὶ
524 2439 605 2485 τὴν
629 2438 800 2486 μητέρα
820 2426 877 2484 7);
917 2430 1087 2484 quippe
1126 2441 1225 2471 cum
1260 2429 1303 2470 in
1338 2428 1652 2482 manuscriptis
1682 2426 1815 2470 Para-

121 2503 298 2557 phrasis
342 2502 585 2556 descriptio
618 2503 755 2544 totius
788 2501 873 2543 loci
908 2500 974 2556 Jo.
1008 2499 1074 2551 Vl,
1107 2499 1283 2541 41—54
1315 2499 1442 2541 desit.
1477 2496 1620 2548 Quam
1654 2499 1813 2541 deesse

121 2574 218 2628 ipse
260 2573 466 2615 librarius
508 2573 551 2614 in
596 2573 752 2615 codice
796 2572 1024 2614 Marciano
1068 2570 1294 2620 indicavit,
1338 2570 1484 2624 spatio
1517 2570 1812 2624 complurium

121 2655 328 2686 versuum
363 2656 451 2686 non
486 2644 678 2698 expleto.
716 2642 782 2685 De
817 2643 899 2685 hac
933 2642 1092 2685 lacuna
1125 2641 1374 2694 ceterisque
1408 2640 1664 2695 hujusmodi
1699 2642 1813 2683 recte

122 2714 314 2769 Kochly:
341 2713 721 2769 „Paraphrasim’',
745 2714 901 2767 inquit,
930 2712 1128 2761 „lacunis
1151 2712 1427 2765 deturpatam
1452 2722 1550 2753 esse
1574 2711 1815 2765 interrupta

121 2786 356 2828 verborum
400 2797 633 2839 rerumque
677 2784 946 2826 continuitas
988 2783 1160 2837 aliquot
1193 2782 1305 2824 locis
1338 2784 1424 2824 tam
1457 2783 1607 2836 aperte
1641 2782 1813 2831 clamat,

176 2917 203 2962 ¹)
231 2919 313 2955 Par.
340 2919 437 2961 XlX,
467 2920 550 2961 144;
577 2919 776 2963 praeterea
802 2918 859 2961 111,
884 2918 949 2961 28;
977 2917 1054 2961 ΧΗ,
1080 2918 1138 2953 97.
1345 2913 1373 2960 ²²)
1401 2916 1483 2952 Par.
1510 2915 1608 2959 XlX,
1638 2916 1702 2951 145
1728 2913 1768 2959 †.

174 2976 204 3021 ³)
231 2977 314 3014 Par.
341 2978 380 3019 ll,
410 2979 446 3014 ll
477 2975 525 3021 †;
553 2977 664 3013 Dion.
694 2977 732 3020 ll,
763 2977 842 3012 156.

173 3035 203 3080 ⁴)
231 3036 314 3073 Par.
341 3037 438 3079 XlX,
467 3037 550 3079 139;
577 3034 859 3080 φιλοπάρθενος
884 3035 997 3071 Dion.
1024 3035 1064 3078 ΙΙ,
1094 3036 1186 3078 122;
1216 3035 1292 3070 146.
1346 3032 1375 3077 ⁵)
1403 3033 1461 3070 Cf.
1484 3034 1540 3079 JO.
1568 3032 1591 3075 l,
1617 3033 1673 3068 45.

174 3093 204 3139 ⁶)
232 3094 289 3132 Cf.
312 3096 369 3141 Jo.
396 3095 472 3139 Vll,
498 3096 530 3139 3,
558 3096 623 3131 ubi
646 3095 804 3141 josephi
833 3096 976 3130 mentio
1003 3104 1079 3130 non
1106 3093 1159 3129 fit.
1344 3091 1371 3137 τ)
1395 3093 1452 3139 Jo.
1479 3092 1538 3136 v1,
1563 3093 1620 3128 42.

1917 1849 1992 1891 .7.
