2180 3606
1172 171 1229 213 96

351 303 437 342 tarn
471 300 526 342 ad
561 300 773 354 templum
809 310 940 352 quam
965 299 1019 340 ad
1051 299 1184 341 altare
1209 300 1410 353 pertinet,
1436 300 1655 354 posterior
1678 300 1963 342 solummodo
1987 299 2042 342 ad

352 372 578 425 templum.
622 369 764 412 Verba
804 376 1016 422 θυόεις,
1056 369 1193 411 semel
1229 369 1284 411 de
1317 366 1549 424 templo¹),
1585 372 1811 423 praeterea
1843 369 1898 412 de
1931 370 2044 412 odo—

352 442 475 484 ribus
492 439 524 495 2)
559 441 738 491 dictum,
772 442 813 481 et
844 447 1082 494 θυώδης,
1117 439 1186 481 bis
1210 439 1264 481 de
1288 437 1510 495 templo³),
1535 440 1672 482 semel
1698 441 1752 482 de
1775 438 2044 494 amphoris⁴)

352 513 578 567 scriptum,
627 512 728 553 thus
776 511 981 564 aliosque
1030 510 1194 552 odores
1242 511 1490 566 designant.
1533 516 1736 565 ‘Ayvdv
1753 518 1782 566 ⁸)
1830 511 2043 566 templum

351 583 512 625 dicitur
552 583 718 624 tantum
763 580 857 624 Par.
900 580 944 633 ll,
987 581 1056 623 87.
1093 580 1246 624 Utrum
1281 582 1422 635 prima
1455 582 1588 637 huius
1620 582 1742 624 verbi
1776 582 2045 637 significatio

352 655 408 697 sit
453 653 645 708 „purus”
687 664 742 695 an
788 652 967 704 „sacer”
1003 653 1045 694 in
1081 651 1229 694 medio
1263 653 1430 704 relicto,
1464 654 1519 695 de
1552 653 1720 707 templo
1754 653 1921 695 dictum
1959 653 2045 695 hoc

352 725 619 767 vocabulum
674 723 818 766 valere
874 735 922 774 „s
939 735 964 765 a
983 735 1005 765 c
1024 735 1045 765 e
1065 723 1111 765 r''
1159 723 1340 778 planum
1395 726 1474 766 est.
1527 723 1672 766 Verbo
1728 729 2047 777 συναγωγή

352 796 539 838 Nonnus
572 806 799 848 nunquam
834 795 979 846 utitur,
1013 795 1092 837 sed
1122 794 1234 837 locis
1258 795 1482 848 parallelis
1505 795 1687 837 adhibet
1709 806 1845 838 voces
1877 802 2045 848 νηός·)

353 869 393 909 et
424 875 756 921 μέλαθρον,
791 865 912 919 quod
946 870 1160 919 εὐαγές
1193 865 1353 907 dicitur
1371 861 1418 919 7).

410 937 577 991 Magno
605 938 751 979 autem
780 948 924 978 errore
952 938 1124 978 tenetur
1147 937 1449 991 paraphrasta,
1475 948 1575 979 cum
1599 936 1813 992 templum
1837 937 2046 979 aedifica-

352 1012 441 1051 tum
477 1020 576 1051 esse
604 1020 629 1050 a
652 1005 892 1050 Salomone
919 1009 1101 1062 putavit.
1127 1008 1221 1051 Hoc
1245 1009 1376 1059 enim,
1399 1011 1572 1063 septem
1596 1020 1740 1051 annos
1763 1010 2045 1059 exstructum,

353 1080 622 1122 destructum
638 1081 728 1140 erat
741 1078 1016 1134 Jamdudum.
1034 1077 1122 1121 Sed
1137 1079 1306 1133 Judaei,
1322 1078 1546 1123 Christum
1567 1081 1901 1134 interrogantes,
1921 1080 2044 1134 loqui

352 1149 594 1192 Dominum
630 1152 783 1205 putant
817 1150 871 1192 de
905 1151 1086 1205 templo,
1122 1151 1164 1192 in
1189 1162 1280 1204 quo
1303 1152 1546 1201 versantur,
1572 1151 1721 1204 idque,
1745 1162 1770 1192 a
1793 1149 2044 1193 Zorobabel

352 1221 646 1273 aedificatum,
680 1222 736 1264 ab
771 1221 945 1264 Herode
979 1233 1080 1277 rege
1115 1224 1432 1264 commutatum
1466 1224 1570 1264 erat.
1604 1221 1781 1276 Legitur
1812 1223 1957 1264 tamen

400 1303 482 1339 Par.
511 1304 549 1345 ll,
576 1305 642 1340 97:
694 1300 755 1338 ὃν
782 1302 1049 1346 Σολομὼν
1079 1303 1273 1348 ποίησε
1299 1302 1447 1339 λίθων
1474 1300 1708 1351 ἑτερόχροϊ
1728 1301 1896 1349 κόσμῳ,

505 1375 550 1419 X,
576 1376 643 1411 78:
1506 1371 1629 1420 ἐξότε
1655 1378 1764 1419 νηοῦ

575 1446 643 1482 79;
694 1440 899 1491 ἕδρανα
926 1442 1188 1489 δωμήσας
1213 1446 1479 1489 Σολομῶν
1505 1442 1674 1481 εὐκίονι
1700 1445 1832 1491 τέχνῃ

568 1518 636 1552 8οε
687 1514 924 1559 θεσπεσίης
950 1511 1138 1561 ἀρχαῖον
1165 1512 1408 1551 ἐκαίνισε
1434 1515 1646 1560 θεσμὸν
1672 1512 1837 1562 ἑορτῆς.

354 1589 448 1631 Hoc
492 1589 592 1631 loco
635 1588 824 1630 Nonnus
865 1588 954 1630 alio
998 1588 1127 1630 etiam
1173 1589 1215 1630 in
1259 1601 1404 1632 errore
1448 1593 1659 1641 versatur,
1703 1590 1818 1632 sicut
1855 1587 2047 1643 Cyrillus

353 1659 678 1702 Alexandrinus
695 1655 751 1713 8);
786 1659 947 1700 etenim
983 1659 1257 1714 evangelista
1289 1661 1380 1714 agit
1413 1660 1467 1702 de
1499 1661 1613 1703 festo
1647 1661 1734 1712 die,
1757 1672 1889 1714 quem
1909 1660 2047 1715 Judas

352 1731 683 1773 Macchabaeus
716 1730 917 1780 instituit,
952 1742 1040 1772 non
1074 1732 1219 1773 autem
1254 1728 1466 1773 Salomon
1484 1728 1530 1786 9).

412 1799 598 1856 Species
632 1803 672 1843 et
703 1800 844 1843 forma
876 1801 1028 1854 templi
1064 1801 1343 1844 celebrantur
1376 1803 1445 1844 his
1479 1803 1649 1845 verbis:

400 1883 483 1919 Par.
510 1883 554 1926 V,
584 1884 596 1917 l
618 1894 625 1918 :
672 1876 838 1925 Ἰησοῦς
864 1876 1157 1926 δ’ἀνὲβαινεν,
1185 1878 1268 1928 ὅπῃ
1294 1880 1435 1927 δόμος
1462 1881 1615 1929 αἰθέρι
1640 1882 1800 1928 γείτων

580 1955 624 1989 2;
674 1950 852 1996 χιονέην
879 1949 1109 1999 ἀμάρυσσε
1135 1952 1284 1988 λίθων
1311 1949 1576 2000 ἑτερόχροον
1603 1951 1771 1999 αἴγλην,

355 2027 563 2081 idemque
598 2026 757 2068 dicitur
796 2033 1069 2081 λιθώδης
1101 2035 1160 2081 ¹⁰),
1210 2033 1460 2081 εὐλάιγξ
1488 2036 1546 2082 ¹¹),
1591 2034 2048 2084 ἀργυροφεγγής

354 2098 541 2152 ejusque
585 2102 754 2152 ἕδρανα
785 2096 1017 2139 aedificata
1049 2100 1153 2139 sunt
1193 2103 1433 2142 εὐκίονι
1470 2108 1648 2153 τέχνῃ
1669 2106 1738 2153 η);
1772 2099 1868 2154 ejus
1901 2100 2046 2140 autem

354 2169 552 2223 porticus
585 2168 766 2222 quidam
801 2166 1056 2210 Salomonis
1088 2170 1355 2223 cognomine
1389 2170 1638 2224 appellatur

401 2251 484 2287 Par,
511 2251 555 2295 X,
580 2251 648 2286 83:
698 2248 919 2285 θέσκελον
946 2246 1164 2293 αἰθούσης
1190 2250 1532 2285 πολυδαίδαλον
1559 2239 1698 2294 οὖδας
1724 2246 1911 2290 ὁδεύων,

577 2322 645 2357 84:
697 2316 1038 2366 ἀρχεγόνου
1076 2321 1474 2365 Σολομῶντος
1511 2317 1844 2364 ἐπώνυμον.

412 2393 648 2448 Templum
677 2393 816 2436 fuisse
841 2394 1066 2447 lapideum
1091 2394 1380 2448 pulchrisque
1410 2394 1637 2449 lapidibus
1662 2397 1929 2437 exstructum
1954 2396 2047 2438 dis-

408 2538 431 2582 ¹)
459 2540 541 2576 Par.
568 2540 608 2583 ll,
633 2541 691 2576 80.
1252 2539 1281 2584 ⁴)
1309 2540 1392 2576 Par.
1420 2540 1463 2583 11,
1493 2542 1546 2576 12.

405 2597 434 2642 2)
462 2598 545 2635 Par.
572 2599 633 2643 XI,
659 2600 704 2642 5;
731 2599 808 2642 Xll,
838 2600 903 2643 1ος
931 2598 1029 2642 ΧΙΧ,
1055 2600 1135 2635 206.
1253 2597 1281 2643 ⁶)
1311 2599 1370 2636 Cf.
1397 2610 1431 2635 n.
1459 2601 1515 2636 75.

406 2655 433 2700 ³)
461 2657 545 2694 Par.
572 2658 633 2701 Xl,
658 2659 751 2702 2285
783 2658 859 2702 ΧΠ,
889 2659 965 2694 176.
1254 2656 1282 2702 ⁶)
1311 2658 1383 2695 Par
1409 2659 1470 2703 VI,
1500 2660 1576 2695 181.

404 2715 434 2818 Β)
459 2716 1156 2812 ἓῗῐ.ἢί(νὲ11,ῦ97ἐχᾱὶὲὦοειε6είξιγτιὶζς
1180 2717 1231 2784 cf.
1258 2728 1292 2753 n.
1319 2719 1375 2754 75.

407 2833 434 2877 ⁹)
463 2803 522 2871 Cf:
548 2835 560 2870 1
587 2804 740 2871 ll‘lacch:
765 2836 824 2878 lV,
850 2836 896 2872 59
910 2805 930 2879 ;’
945 2836 972 2871 ll
1001 2778 1382 2879 llrlacchuggelg-QRL'
1410 2788 1445 2822 p.
1472 2779 1552 2813 347.

388 2892 432 2936 ¹⁰)
461 2893 543 2930 Par.
558 2895 597 2938 ll,
616 2896 684 2938 85;
704 2894 748 2937 V,
767 2896 830 2937 47;
850 2895 926 2939 Vll,
948 2896 1008 2930 141
1027 2907 1036 2939 ;
1054 2896 1253 2940 praeterea
1268 2895 1365 2939 XlX,
1383 2897 1452 2931 222
1467 2896 1514 2932 de
1534 2895 1676 2932 Christi
1695 2897 1877 2941 sepulcro
1895 2896 2046 2932 dicitur.

388 2950 433 2996 ¹¹)
462 2952 543 2988 Par.
556 2953 674 3007 X‚>35;
693 2953 769 2997 Vll,
783 2955 847 2997 51;
866 2955 1083 2998 praeterea:
1103 2954 1162 2997 Vl,
1180 2954 1241 2989 181
1260 2955 1308 2990 de
1322 2964 1536 3000 synagoga,
1552 2964 1650 2999 quae
1665 2956 1746 2991 erat
1757 2954 2025 3000 Capharnaum

356 3012 454 3054 XIX,
479 3012 525 3048 68
551 3013 598 3048 de
625 3014 721 3049 sella
747 3013 948 3057 tribunali;
974 3013 1073 3057 XIX,
1099 3014 1168 3049 217
1194 3013 1242 3049 de
1268 3013 1411 3050 Christi
1439 3014 1629 3059 sepulcro.

390 3068 435 3114 ¹³)
462 3070 545 3106 Par.
572 3071 617 3115 X,
643 3072 689 3107 79
715 3069 754 3115 †.
