2180 3606
768 665 1043 718 CAPUT
1094 667 1142 716 11.

109 810 502 858 TRACTANTUR
544 811 675 856 LOCI
718 810 966 863 SELECTI,
1010 810 1109 861 QUI
1152 809 1468 854 HISTORIAM
1507 805 1799 851 PASSlONlS

401 882 609 927 DOMINI
653 882 775 928 PAR.
814 881 1095 925 XVIII—XIX
1134 878 1503 924 lLLUSTRANT.

168 1138 371 1184 Christus
406 1153 504 1183 curn
541 1140 681 1183 abiret
714 1141 756 1181 in
795 1140 967 1181 hortum
1002 1138 1216 1180 olivarum

156 1233 228 1270 Par
246 1234 374 1277 XVIII,
397 1236 409 1269 l
431 1246 438 1270 :
1039 1229 1263 1273 διέστιχεν
1290 1224 1482 1275 ἔμφρονι
1508 1231 1657 1274 ταρσῷ

390 1306 434 1341 2:
483 1301 618 1346 πέζαν
643 1299 686 1346 ἐς
712 1299 1015 1348 ἀντιπέραιαν,
1043 1296 1304 1346 ὲυπρέμνων
1329 1295 1411 1334 ὅθι
1436 1297 1610 1344 κέδρων

388 1375 432 1410 3:
481 1371 668 1416 οἴδματι
694 1369 929 1416 λυσσὴεντι
955 1371 1216 1405 κυλίνδεται
1241 1366 1408 1415 ὄμβρος
1435 1366 1610 1413 ἀλήτης,

389 1445 433 1480 4:
483 1441 700 1478 οἰδαίνων
726 1441 851 1487 βαθὺ
875 1444 1022 1486 χεῦμα
1046 1440 1329 1487 χαραδραὶου
1354 1442 1576 1482 ποταμοῖο
1600 1438 1642 1483 “).

108 1527 273 1570 Verba:
308 1532 660 1583 ὲυπρέμνων
687 1533 790 1571 ὅθι
815 1535 1061 1583 κέδρων,
1096 1537 1210 1579 quae
1243 1525 1378 1579 vulgo
1410 1525 1453 1566 in
1478 1524 1713 1566 codicibus
1737 1524 1800 1565 Ie-

108 1601 280 1653 guntur,
313 1598 361 1641 Α.
395 1596 657 1640 Scheindler
691 1598 873 1640 mutavit
907 1598 949 1639 in
984 1598 1116 1640 haec:
1141 1602 1343 1652 ἐυπρήων
1369 1601 1450 1640 ὅθι
1477 1602 1677 1651 Κεδρὼν.
1711 1592 1799 1636 Sed

108 1669 203 1711 sine
225 1669 341 1723 Justa
364 1681 499 1711 causa
520 1681 695 1711 versum
722 1669 916 1710 mutavit.
942 1667 1135 1710 Primum
1160 1668 1276 1709 enim
1296 1667 1339 1708 in
1359 1666 1561 1720 pluribus
1580 1665 1798 1719 evangelii

103 1740 288 1794 Joannei
322 1739 556 1782 codicibus
591 1740 804 1794 scriptum
838 1739 996 1793 legItur
1028 1750 1118 1782 τῶν
1143 1743 1330 1792 κέόρων,
1366 1738 1411 1778 ut
1444 1737 1487 1778 in
1522 1735 1556 1781 R
1600 1760 1652 1764 ——
1691 1736 1798 1790 quin

108 1811 237 1852 etiam
284 1811 327 1852 in
369 1807 435 1852 h‘³
476 1822 567 1854 τῶν
592 1818 797 1865 δένδρων
822 1830 892 1862 —‚·
935 1821 1067 1863 quam
1107 1808 1343 1850 lectionem
1377 1806 1528 1849 Nestle
1561 1807 1797 1862 genuinam

109 1891 207 1922 esse
241 1880 375 1923 ducit.
408 1881 527 1922 Nihil
562 1893 666 1935 ergo
702 1881 862 1931 obstat,
896 1880 1139 1933 quominus·
1171 1878 1326 1929 codex,
1361 1889 1451 1931 quo
1479 1877 1667 1920 Nonnus
1690 1888 1799 1920 usus

108 1952 187 2000 est,
237 1950 471 1993 lectionem
519 1963 633 1995 τῶν
658 1959 890 2005 κέδρων
940 1950 1192 2004 praebuerit
1243 1950 1317 1991 aut
1368 1948 1556 1991 Nonnus
1608 1948 1798 1990 consilio

109 2022 221 2063 hanc
266 2022 500 2064 lectionem
543 2021 665 2063 alteri
710 2020 976 2075 praetulerit.
1016 2019 1301 2062 Manifestum
1345 2021 1412 2061 est
1451 2020 1597 2060 autem
1636 2030 1798 2060 nomen

108 2104 198 2136 τῶν
225 2100 425 2148 Κέδρων,
460 2092 582 2146 quod
616 2094 702 2133 tam
737 2092 779 2133 in
819 2091 1035 2146 evangelii
1070 2102 1202 2144 quam
1237 2091 1280 2131 in
1315 2088 1604 2144 Septuaginta
1619 2086 1652 2143 2)
1673 2089 1799 2131 codi-

109 2163 237 2205 cibus
275 2163 445 2218 IegItur,
479 2163 612 2204 errori
645 2163 810 2204 deberi.
844 2160 965 2205 Sitne
998 2163 1144 2204 autem
1179 2162 1250 2203 hic
1283 2173 1401 2203 error
1434 2161 1709 2202 librariorum
1743 2171 1797 2202 an

110 2234 307 2288 ipsorum
346 2233 613 2288 Judaeorum
658 2244 814 2287 graece
848 2233 1124 2287 loquentium
1159 2243 1304 2285 neque
1339 2231 1583 2273 Hebraicae
1622 2231 1798 2285 linguae

108 2305 217 2347 satis
250 2305 488 2358 peritorum
506 2301 539 2358 ³)
572 2304 817 2359 diiudicare
851 2315 939 2345 non
972 2304 1129 2354 ausim,
1163 2314 1308 2357 neque
1342 2302 1385 2344 id
1409 2301 1464 2344 ad
1487 2303 1652 2344 textum
1676 2301 1798 2343 Non-

109 2375 289 2417 nianum
323 2375 524 2429 pertinet.

169 2444 397 2487 Praeterea
440 2445 707 2487 vocabulum
747 2451 1149 2501 ἐυπρέμνων*)
1193 2443 1247 2486 ad
1291 2444 1450 2486 cedros
1489 2443 1654 2496 optime
1687 2454 1798 2496 qua-

109 2517 218 2568 drat,
262 2517 430 2571 quippe
473 2516 637 2571 quibus
679 2517 736 2559 sit
771 2517 981 2568 „bonus
1014 2517 1100 2558 vel
1134 2516 1337 2557 firmus
1370 2512 1602 2568 stipes”.
1636 2511 1709 2556 Sic
1742 2514 1797 2555 de

111 2599 276 2641 quercu
309 2599 491 2641 quoque
524 2587 703 2642 legitur:
732 2593 1033 2643 ἐυπρέμνῳ...
1060 2594 1228 2642 δρυὶῡ).
1261 2585 1449 2627 Nonnus
1482 2585 1626 2635 etiam,
1660 2585 1706 2626 ut
1732 2586 1799 2626 est

110 2658 446 2712 oppositionum
466 2659 750 2709 amans‚-voci
775 2664 795 2702 ε’
811 2679 915 2713 υπρ
932 2666 1038 2711 <esav
1053 2679 1129 2702 ων
1151 2656 1365 2711 opposuit
1388 2656 1431 2697 in
1450 2665 1579 2697 versu
1594 2655 1797 2708 proximo

109 2727 376 2770 vocabulum
425 2734 656 2782 ἀλήτης.
703 2728 784 2770 Hic
832 2731 977 2771 autem
1021 2729 1265 2783 genitivus:
1319 2732 1580 2782 ἐυπρὲμνων
1625 2732 1798 2781 κέδρων

112 2799 276 2853 pendet
307 2810 332 2840 a
365 2799 535 2841 verbis:
569 2805 737 2855 ὄμβρος
763 2806 937 2853 ἀλήτης.
970 2798 1128 2841 Parum
1162 2809 1319 2853 graece
1351 2797 1534 2840 forsitan
1558 2798 1796 2850 usurpatus

164 2961 190 3005 ¹)
218 2962 276 2998 Cf.
299 2963 355 3008 Jo.
383 2962 510 3006 XVIII,
540 2964 570 2998 1.
1005 2961 1033 3006 ²)
1062 2961 1121 2998 Cf.
1148 2961 1174 2996 ΙΙ
1203 2960 1306 2997 Sam.
1333 2961 1414 3005 XV,
1439 2962 1496 2997 23.

163 3019 190 3064 ⁸)
218 3021 405 3057 Hebraice
431 3022 580 3057 torrens
605 3022 665 3057 est
689 3021 814 3077 ῙΤἾἾΡ,
844 3021 983 3057 cedrus
1009 3021 1095 3068 ΠΝ,

163 3090 191 3135 ‘)
219 3092 257 3127 In
285 3091 368 3127 Par.
395 3088 434 3134 †.
1007 3090 1035 3135 ⁶)
1063 3091 1178 3128 Leon,
1204 3091 1264 3127 AI.
1289 3091 1331 3126 12
1348 3091 1385 3127 in
1405 3091 1521 3127 Anth.
1539 3089 1617 3125 Pal.
1637 3089 1697 3133 VI,
1715 3091 1795 3126 221.

1632 3162 1655 3198 6

1859 1135 1910 1177 Ν.
1938 1128 2012 1177 41.Δ
