2180 3606
1158 182 1239 224 118

516 311 576 347 171
595 323 603 348 :
1408 305 1598 354 ὑψιτενῆ
1647 309 1699 345 δὲ

515 383 603 419 172:
653 378 833 427 πρώτου
858 378 942 423 μὲν
969 378 1203 424 διέτεμνεν
1229 377 1461 427 ἀλοιητῆρι
1487 378 1656 427 σιδήρῳ

516 453 603 489 173;
653 451 881 495 μειλιχίου
898 449 1018 486 πόδα
1032 449 1203 487 δισσόν·
1218 447 1288 486 ἐπὶ
1303 455 1481 498 σταυρῷ
1501 450 1552 486 δὲ
1567 449 1797 496 δεθέντος,
1813 455 1884 490 eet.
1906 452 1946 497 ¹).

516 549 602 584 177:
653 542 707 581 ού
732 543 874 590 πόδας
899 542 1113 590 ἡλοίησαν
1139 541 1360 591 ὀμόζυγας
1385 543 1529 591 ἡθάδι
1554 547 1707 592 χαλκῷ
1731 545 1774 591 ’).

511 642 602 678 200:
652 636 809 684 ἐγγύθι
836 638 888 674 δὲ
914 643 1127 687 σταυροῖο
1152 638 1430 685 πεπηγμένον
1457 637 1594 686 ἄκρον
1620 636 1807 684 ἐρύσσας

511 713 574 748 201
595 723 602 748 :
653 710 811 755 δίζυγα
837 709 1008 754 δεσμὸν
1034 706 1192 747 ἔλυσεν
1219 707 1474 755 ἀκαχμένον
1501 708 1592 755 ὀξέι
1618 712 1770 756 χαλκῷ

511 783 602 819 202;
651 782 726 816 καὶ
750 779 882 817 νέκυν
908 777 1109 827 ἑστηῶτα
1133 779 1349 827 κατήγαγε
1376 782 1549 826 δείελος
1576 778 1686 828 ἀνὴρ
1708 781 1752 826 ²).

512 878 604 913 214:
653 875 850 922 Χριστὸν
875 872 959 922 ὅπη
984 880 1199 923 σταυροῑο
1225 874 1547 921 συνεκλήισσαν
1573 874 1672 921 ὀχῆι
1694 876 1740 921 ⁴).

425 970 508 1015 XX,
533 972 601 1008 90:
653 968 771 1016 δεῖξε
796 969 938 1016 πόδας
963 973 1038 1006 καὶ
1063 975 1215 1018 χεῖρας
1241 967 1527 1019 ὁμηγερέεσσι
1553 973 1781 1056 μαθηταῖς

535 1043 603 1079 91:
653 1038 902 1087 ὴλοτύπους
927 1040 1121 1089 πλευρήν
1147 1054 1195 1078 τε
1222 1039 1467 1078 νεούτατον
1488 1041 1531 1087 ⁶).

516 1138 603 1173 110:
654 1134 706 1171 εἰ
717 1135 779 1181 μὴ
804 1140 955 1183 χεῖρας
981 1134 1129 1181 ὶδοιμι
1155 1135 1475 1182 βαθυνόμενόν
1502 1147 1549 1171 τε
1576 1134 1745 1183 σιδήρῳ

516 1209 604 1244 111:
653 1204 774 1252 πηξω
800 1205 1027 1243 δάκτυλον
1055 1204 1191 1254 ἄκρον
1217 1203 1261 1252 ές
1287 1204 1516 1254 όξυτόρων
1544 1203 1685 1242 τύπον
1710 1203 1831 1252 ἥλων
1852 1206 1896 1252 ⁸).

516 1304 604 1339 124:
656 1300 734 1347 δός
759 1314 838 1346 μοι
865 1304 1015 1350 δεῦρο,
1043 1301 1195 1344 πέπον,
1223 1301 1299 1338 σέο
1327 1301 1567 1343 δάκτυλον,
1591 1300 1711 1350 ὄφρα
1736 1301 1944 1338 πελάσσω

516 1375 604 1411 125;
655 1371 831 1420 μάρτυν
857 1370 1197 1420 ἁναμφήριστον
1224 1370 1267 1419 ἐς
1293 1370 1520 1420 ὀξυτόρων
1546 1371 1687 1409 τύπον
1712 1371 1845 1419 ἥλων.

519 1445 607 1482 126;
657 1445 732 1479 καὶ
756 1442 965 1489 παλάμας
991 1441 1236 1492 ἑκάτερθεν
1261 1441 1373 1489 έμὰς
1401 1442 1471 1480 ἴδε
1496 1444 1538 1489 Ί).

410 1529 724 1584 Inquirendum
766 1532 831 1572 est
864 1531 1053 1585 primurn
1087 1530 1143 1572 de
1176 1542 1281 1572 vero
1314 1530 1548 1572 verborum
1582 1532 1716 1572 textu.
1751 1530 1879 1573 Haud
1913 1541 2046 1573 secus

352 1600 468 1643 enim
491 1602 624 1654 atque
648 1600 691 1642 in
714 1600 814 1643 aliis
838 1599 1127 1655 Paraphrasis
1151 1601 1352 1655 partibus
1376 1600 1611 1643 lectionem
1635 1598 2045 1644 Scheindlerianam

352 1671 543 1714 laudatis
571 1671 777 1714 versibus
800 1673 981 1714 secutus
1009 1669 1235 1715 sum.·Sed
1259 1672 1314 1714 de
1339 1672 1691 1715 correctionibus
1713 1674 1756 1715 et
1778 1672 2047 1728 coniecturis

353 1741 623 1796 quibusdam
659 1741 879 1796 quaedam
913 1742 1308 1786 animadvertenda
1340 1745 1455 1785 sunt.

410 1811 459 1855 V.
501 1813 557 1856 76
599 1813 781 1856 verbum
824 1819 1057 1868 ἐλάσας,
1100 1816 1147 1857 ut
1191 1814 1402 1856 exhibent
1443 1813 1639 1864 codices,
1684 1815 1822 1857 metro
1865 1816 2045 1870 pugnat,

352 1877 610 1927 ἐλάσσας
650 1887 810 1937 autem,
855 1885 977 1939 quod
1020 1886 1189 1939 primus
1230 1883 1485 1940 Stephanus
1529 1885 1721 1939 scripsit,
1759 1885 1834 1927 vix
1867 1884 2044 1928 defendi

353 1956 513 2010 potest.
547 1955 667 1998 Licet
700 1956 816 1998 enim
851 1956 922 1998 hic
954 1967 1111 1999 versus

399 2035 482 2072 Par.
508 2037 608 2080 xlx,
632 2038 700 2074 76:
727 2034 918 2083 δούρασι
943 2035 1302 2082 γομφοτόμοισιν
1329 2032 1413 2081 ἐγὼ
1438 2034 1762 2081 γομφωτὸν
1787 2032 2048 2081 ἐλάσσας

354 2102 592 2146 admoneat
624 2102 810 2146 Hesiodi
844 2103 1015 2159 Theog.
1049 2104 1129 2146 521
1168 2115 1261 2157 sq.:

637 2190 745 2234 δῆσε
771 2184 811 2225 δ’
818 2185 1146 2235 ἀλυκτοπέδῃσι
1174 2187 1425 2236 Προμηθέα
1450 2188 1798 2235 ποικιλόβουλον

637 2261 821 2305 δεσμοῖς
847 2257 1104 2307 ἀργαλέοισι
1129 2258 1268 2304 μέσον
1294 2259 1372 2295 διὰ
1397 2255 1507 2296 κίον’
1537 2257 1557 2295 έ
1571 2261 1599 2295 λ
1613 2259 1641 2295 ά
1655 2268 1683 2295 σ
1695 2268 1723 2295 σ
1734 2272 1762 2294 α
1775 2272 1808 2305 ς,

355 2341 500 2382 tamen
543 2341 760 2383 structura
802 2340 1037 2383 verborum
1080 2339 1314 2383 dissimilis
1347 2342 1414 2382 est
1446 2342 1488 2381 et
1519 2339 1639 2394 apud
1672 2338 1880 2381 Nonnum
1915 2340 2049 2394 parti-

357 2410 522 2466 cipium
564 2418 887 2465 γομφωτόν
928 2410 1266 2454 admirationem
1308 2410 1413 2453 facit
1456 2410 1739 2465 coniunctam
1778 2421 1877 2452 cum
1912 2410 2049 2453 verbo

411 2555 437 2600 ¹)
461 2557 517 2603 JO.
545 2556 642 2600 XIX,
669 2557 736 2592 32:
774 2561 840 2590 τοῦ
874 2560 940 2600 μὲν
969 2556 1116 2599 πρώτου
1142 2554 1327 2597 κατέαξαν
1353 2555 1398 2590 τὰ
1424 2555 1529 2600 σκέλη
1556 2556 1620 2590 καὶ
1645 2561 1709 2589 τοῦ
1737 2555 1847 2590 ἄλλου
1873 2560 1939 2590 τοῦ
1965 2566 2049 2590 συν-

358 2613 638 2659 σταυρωθέντος
663 2615 774 2661 αὐτῷ.

410 2672 438 2717 ²)
461 2676 517 2721 Jo.
545 2675 643 2718 XIX,
669 2676 736 2712 33:
775 2675 819 2709 οὐ
850 2673 1035 2716 κατέαξαν
1061 2675 1176 2709 αὐτοῦ
1201 2673 1248 2708 τὰ
1274 2672 1390 2718 σκέλη.

410 2731 439 2776 ³)
462 2734 519 2780 Jo.
546 2733 644 2777 XIX,
669 2735 737 2770 38:
775 2730 864 2778 ἦρεν
889 2733 930 2768 τὸ
956 2739 1058 2778 σῶμα
1083 2734 1209 2768 αὐτοῦ.

406 2793 436 2835 ⁴)
461 2793 518 2840 Jo.
545 2792 642 2837 XIX,
668 2795 736 2830 41:
775 2791 870 2828 ὅπου
897 2791 1125 2837 ἐσταυρώθη.

411 2849 440 2895 ⁵)
464 2852 520 2898 Jo.
548 2852 630 2895 XX,
656 2853 724 2888 20:
764 2850 903 2894 ἔδειξεν
921 2852 985 2886 καὶ
1002 2851 1067 2892 τὰς
1085 2857 1209 2897 χεῖρας
1227 2851 1289 2886 καὶ
1307 2851 1374 2896 τὴν
1393 2850 1556 2895 πλευρὰν
1574 2852 1712 2894 αὐτοῖς,
1731 2852 1802 2888 sed
1815 2852 2049 2888 vocabulum

360 2907 481 2949 πόδας
506 2911 667 2947 inseruit
693 2911 867 2948 Nonnus.

413 2967 441 3012 ⁶)
465 2969 522 3015 JO.
548 2967 631 3013 XX,
657 2970 727 3005 25:
755 2966 822 3004 ἐὰν
846 2969 894 3014 μὴ
922 2968 989 3004 ἴδω
1017 2968 1056 3004 ἐν
1074 2974 1154 3009 ταῖς
1174 2969 1297 3014 χερσὶν
1316 2970 1431 3004 αὐτοῦ
1448 2968 1513 3003 τὸν
1530 2969 1648 3003 τύπον
1665 2973 1738 3003 τῶν
1755 2967 1852 3013 ἥλων
1871 2969 1935 3003 καὶ
1952 2967 2050 3014 βάλω

361 3039 433 3071 μου
458 3026 523 3062 τὸν
549 3026 731 3063 δάκτυλον
758 3027 809 3068 εἰς
833 3028 899 3064 τὸν
923 3026 1040 3064 τόπον
1065 3033 1137 3063 τῶν
1162 3027 1269 3074 ἥλων.

415 3085 442 3131 ⁷)
465 3087 522 3134 Jo.
548 3085 632 3132 XX,
657 3088 725 3123 27:
764 3085 854 3132 φέρε
879 3087 944 3123 τὸν
971 3085 1154 3124 δάκτυλόν
1179 3098 1246 3122 σου
1272 3084 1343 3122 ὧδε
1368 3087 1433 3122 καὶ
1457 3086 1515 3121 ms
1540 3085 1605 3127 τὰς
1630 3085 1755 3133 χεῖράς
1779 3098 1861 3132 μου.
