2180 3606
948 171 1004 212 67

325 299 412 334 140:
461 298 536 332 καὶ
563 295 757 340 Πιλάτος
781 296 808 340 ¹)
836 295 1076 343 ταχυεργὸς
1102 293 1173 341 ἑῆς
1198 293 1408 350 ἐξήλασεν
1435 293 1583 341 αὐλῆς·

323 370 411 405 141:
460 365 705 411 νηοπόλους
730 361 968 413 δ’ὲρέεινεν
993 364 1275 413 ὀφειλομὲνῳ
1300 367 1390 402 τινὶ
1415 368 1574 413 θεσμῷ

324 440 411 475 142:
460 439 614 481 μῦθον
640 434 882 480 ἀπαιτίζων
909 439 1064 483 φονίης
1089 435 1369 484 ἐπιμάρτυρα
1398 441 1560 482 φωνῆς·

322 510 409 545 143;
459 511 588 543 ποῖον
614 502 716 551 ε”πος
741 506 997 551 φθέγγεσθε
1021 506 1266 554 κατήγορον
1292 505 1416 555 ἀνέρι
1442 505 1614 553 τούτῳ,·

321 581 409 615 144:
459 578 524 622 τίς
548 575 768 624 πρόφασις
792 576 1015 612 θανάτοιο
1024 590 1039 620 ,·
1066 579 1108 612 τί
1134 578 1315 622 τηλίκον
1341 576 1491 623 ἤλιτεν
1517 575 1651 625 ἀνήρ;

321 650 408 686 145:
457 652 586 683 ποῖον
612 643 713 691 ἔπος
738 647 995 692 φθέγγεσθε
1019 646 1264 694 κατήγορον
1290 645 1454 696 ἀνδρὸς
1475 646 1673 695 ὀλέθρου
1692 650 1747 693 ³),-

319 748 408 784 149:
914 743 939 781 ὁ
965 746 1017 781 δὲ
1043 746 1222 791 φθόνον
1248 744 1327 792 ὀξὺ
1352 746 1512 792 νοήσας

319 819 406 854 150:
455 815 650 863 Χριστὸν
676 814 930 861 ἀνακρίνειν
956 814 1219 852 ἀπεσείσατο
1244 816 1439 864 μάρτυρι
1464 815 1615 864 μύθῳ·

319 889 378 924 151
399 901 407 925 z
456 883 581 932 ὑμεῖς
607 891 770 923 τοῦτον
795 883 970 922 ἕλεσθε·
997 886 1350 931 θεμιστοπόλοιο
1377 887 1428 923 δὲ
1455 889 1617 933 βίβλου

318 960 405 995 152:
454 958 634 1004 κρίνατε
659 956 905 1004 πατρῴοισι
931 957 1086 1002 νόμοις
1111 959 1186 993 καὶ
1211 955 1405 1002 ε’θήμονι
1430 963 1559 1004 ποινῇ
1582 959 1625 1004 3).

318 1053 405 1089 156:
692 1050 887 1096 Πιλάτος
913 1051 964 1086 δὲ
991 1050 1272 1086 δολοπλόκον
1298 1048 1436 1094 ἐσμὸν
1462 1049 1594 1097 ε’άσας

316 1124 403 1159 157:
454 1119 717 1167 ἀγχίθυρον,
744 1122 1012 1168 παλίνορσος
1037 1118 1233 1156 ἐδύσατο
1259 1119 1454 1164 θέσμιον
1480 1119 1634 1167 αὐλήν·

315 1194 402 1229 158:
449 1187 616 1237 Ἰησοῦν
642 1187 898 1227 δ’ἐκάλεσσε
923 1193 997 1226 καὶ
1023 1189 1167 1238 εἴρετο
1193 1190 1389 1238 μάρτυρι
1414 1190 1566 1237 μύθῳ·

315 1264 402 1300 159:
453 1260 587 1307 αὐτὸς
608 1257 841 1297 Ἰουδαίων
867 1260 1076 1307 βασιλεὺς
1100 1260 1228 1306 πέλες
1250 1262 1278 1307 ⁴)
1292 1273 1308 1305 ‚-

314 1359 402 1394 163:
874 1358 949 1392 καὶ
975 1354 1101 1401 ἴαχεν
1127 1354 1325 1403 ὄρχαμος
1351 1354 1474 1404 ἀνήρ·

312 1429 401 1466 164;
450 1428 511 1473 μὴ
535 1428 617 1475 γὰρ
638 1424 855 1472 Ἰουδαῖος
880 1429 954 1463 καὶ
980 1425 1064 1473 ἐγὼ
1090 1426 1249 1470 πέλον,·
1275 1423 1492 1475 ὑμέτερον
1519 1427 1570 1463 δὲ

312 1501 401 1536 165:
452 1495 599 1544 ἔθνος,
628 1498 700 1535 ἴνα
726 1499 863 1545 κρίνω
890 1507 952 1539 σε,
979 1500 1053 1534 καὶ
1080 1496 1233 1545 ἀνέρες
1259 1495 1487 1545 ἀρχιερῆες

312 1570 402 1605 166:
452 1565 581 1604 αὐτοὶ
608 1565 708 1613 ἐμοὶ
734 1568 1000 1616 παρέδωκαν
1026 1566 1255 1613 ἀναυδὲες·
1282 1559 1375 1603 εἶπε
1399 1570 1473 1603 καὶ
1500 1566 1646 1614 αύτός,

312 1641 398 1677 167;
451 1635 578 1687 ἔργον
603 1644 732 1675 ποῖον
759 1636 908 1686 ἔρεξας
931 1639 975 1685 ⁵).

311 1737 399 1772 174:
448 1736 522 1770 καὶ
550 1734 746 1780 Πιλάτος
771 1734 906 1770 πάλιν
932 1725 1054 1769 εἶπεν
1080 1731 1294 1778 ἀμοιβαίῃ
1320 1735 1409 1768 τινὶ
1436 1737 1576 1778 φωνῇ·

312 1807 398 1842 175;
448 1795 474 1849 ἦ
500 1804 556 1851 ῥα
581 1818 636 1841 νυ
660 1803 866 1851 κοίρανος
892 1801 987 1839 ε’σσι
1010 1803 1064 1849 ⁶),-

312 1901 398 1937 180:
448 1901 522 1934 καὶ
550 1898 744 1944 Πιλάτος
771 1898 977 1943 θάμβησε
1003 1900 1077 1933 καὶ
1104 1894 1295 1941 ἔμπαλιν
1321 1896 1465 1944 εἴρετο
1491 1896 1643 1944 μύθῳ·

310 1972 369 2007 181
390 1984 397 2007 :
448 1968 626 2017 ἀτρεκίη
652 1971 695 2005 τί
721 1967 870 2013 πέλει;
894 1971 968 2005 καὶ
994 1966 1069 2004 ἑὸν
1094 1967 1266 2015 θρόνον
1292 1965 1394 2013 ὀξὺς
1419 1965 1550 2013 ἐάσας

310 2043 397 2078 182;
448 2040 656 2085 δώματος
682 2038 806 2085 ε’κτὸς
832 2036 981 2085 ἔβαινε
1006 2041 1080 2075 καὶ
1107 2035 1287 2074 ἔννεπεν
1313 2036 1477 2085 ἄφρονι
1503 2041 1611 2085 λαῷ,

310 2114 396 2149 183;
448 2111 693 2157 νηοπόλους
718 2107 956 2156 δ’ἤλεγξεν·
983 2107 1067 2155 ἐγὼ
1092 2108 1323 2145 πολυειδὲι
1348 2107 1486 2155 μύθῳ

309 2185 396 2220 184:
445 2183 597 2229 κρίνας
624 2180 769 2217 αἴτιον
795 2178 931 2216 οὐδὲν
958 2177 1005 2216 ἐν
1032 2177 1156 2226 ἀνέρι
1182 2181 1300 2225 τῷδε
1326 2177 1513 2214 δοκεύω·

308 2255 396 2290 185:
446 2249 500 2288 οὐ
525 2251 749 2299 πρόφασιν
773 2253 883 2295 μίαν
909 2241 1041 2298 εὗρον
1068 2248 1299 2296 ἐπήβολον.
1326 2246 1568 2296 ἀρχέγονον
1593 2250 1644 2285 δὲ

308 2326 396 2361 186:
447 2319 554 2367 ὑμῖν
579 2322 767 2370 πάτριόν
793 2320 915 2357 ε’στιν
941 2319 1129 2366 ἐτήσιον,
1158 2319 1276 2367 ὄφρα
1302 2332 1378 2356 κεν
1405 2315 1512 2363 ὑμῖν

308 2397 395 2432 187:
445 2392 493 2430 ἐκ
520 2397 717 2440 φυλακῆς
742 2393 930 2438 καλέσας
956 2389 1034 2428 ἕνα
1060 2391 1247 2436 δέσμιον
1273 2389 1408 2438 ἀνέρα
1434 2389 1569 2426 λύσω·

309 2468 395 2503 188;
445 2456 470 2510 ἦ
496 2464 552 2512 ρα
578 2463 631 2501 νύ
657 2478 735 2509 μοι
762 2463 999 2510 βούλεσθε,
1026 2464 1303 2498 παλίλλυτον
1330 2458 1473 2505 ὔμμιν
1498 2458 1678 2496 ὀπάσσω

307 2539 391 2574 189;
442 2536 739 2582 σφιγγόμενον
765 2538 998 2579 δεσμοῖσιν
1020 2530 1253 2569 Ἰουδαίων
1279 2534 1468 2577 βασιλῆα
1491 2532 1547 2577 ⁷),-

227 2638 323 2681 XIX,
354 2640 393 2674 1:
1148 2632 1376 2676 Αίνομανῆ
1403 2631 1454 2667 δὲ

351 2710 393 2745 2;
444 2705 640 2754 ὄρχαμος
667 2705 908 2753 ἀφραδέων
935 2703 1173 2748 στομάτων
1200 2701 1424 2747 ιἰλαλητόν
1450 2699 1627 2738 ἀκούων

350 2781 393 2815 3;
444 2777 625 2823 ληιστὴν
651 2775 911 2820 ἁνίμαστον,
940 2773 1157 2818 ἀδέσμιον
1184 2770 1331 2808 ὤπασε
1357 2775 1452 2819 λαῷ

168 2882 196 2928 ’)
225 2884 282 2920 cf.
309 2896 344 2920 n.
371 2886 426 2920 56.
1008 2881 1036 2925 ⁶)
1065 2881 1122 2918 cf.
1146 2882 1203 2927 Jo.
1228 2880 1357 2923 xvm,
1384 2881 1439 2915 35.

167 2941 195 2986 ²)
222 2942 281 2978 ef.
304 2944 360 2989 Jo.
388 2944 516 2986 xvm,
541 2945 597 2979 29.
1008 2939 1036 2984 ο)
1065 2940 1122 2976 cf.
1145 2940 1202 2986 Jo.
1230 2938 1356 2981 xvm,
1383 2939 1438 2974 37.

165 3000 194 3045 ⁸)
222 3001 280 3038 Cf.
303 3003 359 3048 Jo.
387 3002 517 3045 xvln,
542 3005 598 3038 31.
1009 2999 1036 3043 ⁷)
1065 2999 1122 3035 ef.
1147 2999 1202 3044 Jo.
1231 2997 1357 3041 xvm,
1382 2998 1428 3033 38
1454 3007 1522 3040 sq..

164 3058 194 3103 ⁴)
221 3060 278 3097 cf.
301 3062 356 3107 Jo.
385 3061 513 3104 xvm,
538 3062 593 3097 33.
