2180 3606
138 1271 189 1314 N.
217 1271 286 1313 42.

1154 213 1211 255 82

346 355 446 386 esse
484 344 705 394 videatur;
739 342 817 385 sed
852 342 1039 384 Nonnus
1073 341 1324 395 exemplum
1359 352 1463 396 prae
1497 340 1641 383 oculis
1673 341 1827 384 habuit
1858 342 1902 383 in
1935 342 2035 395 ipso

346 415 592 470 evangelio,
627 414 699 456 ubi
734 414 946 467 scripturn
982 414 1069 455 est:
1102 424 1184 456 τοῦ
1201 419 1448 468 χειμάρρου
1467 424 1556 456 τῶν
1574 419 1747 467 κέδρων
1768 420 1808 466 ¹).
1835 411 2035 454 Attamen

347 485 578 528 confundit
605 486 865 527 structuram
892 483 1127 525 verborum
1153 483 1390 525 inserendo
1413 483 1570 525 verba:
1598 489 1784 535 οἴδματι
1803 489 2037 536 λυσσήεντι

345 565 618 605 κυλίνδεται,
653 555 818 608 quibus
851 554 1151 596 nominativus
1183 564 1208 595 a
1241 554 1437 608 genitivo
1472 553 1606 608 longo
1641 553 1870 595 intervallo
1904 564 2036 607 sepa-

347 629 474 670 ratur.
499 625 614 669 Satis
637 625 783 680 ample
802 624 990 667 Nonnus
1007 626 1241 666 torrentem
1262 624 1473 667 describit
1491 625 1555 666 sic
1573 624 1682 666 fere:
1705 624 1806 674 „ubi
1826 620 2037 678 torrens²)

347 709 500 753 vagus,
544 696 672 751 cujus
714 696 835 750 ripae
879 695 1024 738 cedris
1068 696 1267 738 consitae
1312 697 1427 746 sunt,
1462 696 1585 737 aestu
1620 694 1800 737 rabioso
1833 695 2036 745 volvitur,

346 779 515 824 augens
537 767 700 809 flumen
725 766 993 821 profundum
1017 766 1223 808 torrentis
1243 765 1406 808 fluvii’'.
1430 765 1483 808 At
1501 768 1653 809 contra
1671 765 1802 808 lectio
1821 763 2039 809 Scheind-

347 840 533 882 leriana:
557 844 759 894 εὐπρήων
777 843 854 882 ὅθι
878 845 1071 892 Κέδρων
1095 837 1296 891 quaesita
1315 848 1395 879 nec
1415 839 1716 880 consentanea
1734 847 1834 879 esse
1853 836 2037 879 videtur.

346 909 442 953 Vox
487 910 602 952 enim
647 909 822 963 poetica
855 913 1154 964 ὲυπρήωνδ)
1188 907 1409 963 significat
1448 908 1624 958 „bona
1666 907 1753 950 vel
1797 907 2040 962 pulchra

348 993 376 1036 p
390 993 447 1023 ro
462 992 502 1022 m
516 993 542 1022 u
557 982 650 1022 ntu
664 980 745 1022 ria
778 980 804 1021 h
818 991 843 1022 a
857 979 884 1021 b
900 991 922 1021 e
936 991 962 1020 n
976 979 1041 1021 s’'.
1065 977 1198 1028 Quod
1223 978 1452 1033 quomodo
1471 978 1526 1021 de
1545 980 1735 1021 torrente
1755 976 1931 1021 Cedron
1951 977 2038 1020 dici

350 1054 495 1107 potest
528 1052 612 1093 nisi
641 1049 811 1093 ascite?
844 1049 992 1104 Itaque
1016 1049 1162 1092 deleta
1185 1049 1539 1103 interpunctione
1564 1051 1666 1104 post
1687 1048 1871 1091 verbum
1893 1057 2041 1093 κυλίν·

349 1134 490 1172 δεται,
525 1122 783 1164 lectionem:
812 1126 1073 1176 εὐπρέμνων
1099 1126 1180 1165 ὅθι
1205 1127 1379 1175 κέδρων
1402 1120 1718 1162 restituendam
1743 1130 1847 1171 esse,
1867 1120 2039 1174 opinor.

408 1267 476 1309 De
509 1268 636 1309 horto
669 1266 884 1308 olivarum
919 1264 1208 1319 paraphrasta
1241 1264 1350 1306 haec
1384 1263 1538 1305 habet:

397 1360 479 1396 Par.
499 1359 629 1402 XVIII,
648 1360 691 1395 5:
742 1353 987 1402 ἀγχιφανὴς
1012 1352 1093 1391 ὅθι
1118 1358 1252 1400 κῆπος
1278 1351 1477 1399 ἑύχλοος,
1505 1352 1557 1390 ὃν
1582 1353 1875 1401 παραμείβων

645 1431 688 1466 6:
738 1427 944 1474 κοίρανος
970 1422 1104 1462 ἔνδον
1131 1424 1281 1461 ἵκανεν
1308 1422 1532 1470 έθὴμονος
1558 1416 1632 1460 οἶά
1658 1436 1706 1460 τε
1733 1424 1902 1470 βαίνων

645 1503 689 1537 7:
740 1497 962 1544 φυταλιὴν
988 1493 1187 1541 εὔοδμον
1214 1493 1453 1541 ἀειθαλέος
1478 1496 1768 1543 παραδείσου.

644 1573 688 1608 8;
738 1571 813 1606 καὶ
838 1567 1012 1616 θρασὺς
1037 1566 1141 1614 ᾔδεε
1174 1571 1295 1603 κεῖνο
1322 1565 1582 1612 φυτηκόμον
1610 1564 1743 1611 ἄλσος
1765 1562 1948 1611 Ἰούδας,

645 1644 690 1680 9:
740 1639 932 1687 Χριστὸς
957 1637 1028 1675 ὅτι
1054 1637 1289 1674 σκιόεσσαν
1315 1635 1519 1685 ε’ρημάδα
1545 1637 1680 1682 πέζαν
1705 1634 1880 1673 ὁδεύων

626 1715 689 1750 10:
739 1709 930 1747 πολλάκι
955 1713 1104 1757 χῶρον
1130 1706 1300 1745 ἐκεῖνον
1327 1705 1534 1753 ἐσήλυθε·
1560 1710 1683 1744 κεῖθι
1708 1709 1782 1744 καὶ
1809 1704 1959 1744 αὐτῶν

627 1787 692 1822 11:
742 1780 964 1827 σύννομος
989 1778 1250 1828 ἀγρομένων
1277 1776 1483 1824 αὐλίζετο
1510 1778 1616 1825 λαὸς
1643 1776 1846 1826 ἑταίρων.

349 1872 542 1927 Joannes
585 1872 730 1913 autem
778 1870 943 1911 narrat:
990 1879 1140 1912 Ταῦτα
1166 1874 1303 1911 εἰπὼν
1325 1871 1489 1920 Ἰησοῦς
1515 1871 1705 1920 ἐξῆλθεν
1731 1872 1813 1910 σὺν
1842 1877 1936 1919 τοῖς
1965 1887 2046 1918 μα-

352 1949 514 1991 θηταῖς
541 1941 681 1980 αὐτοῦ
707 1942 845 1990 πέραν
871 1946 953 1978 τοῦ
978 1940 1227 1988 χειμάρρου
1254 1944 1344 1976 τῶν
1372 1939 1573 1987 Κέδρων,
1600 1936 1714 1975 ὅπου
1739 1938 1792 1984 ἠν
1817 1943 1964 1984 κῆπος,
1985 1938 2047 1984 είς

353 2016 405 2054 ὃν
431 2016 641 2062 εἰσῆλθεν
668 2011 802 2059 αὐτὸς
825 2014 900 2049 καὶ
926 2010 969 2048 οἱ
994 2013 1199 2058 μαθηταὶ
1227 2008 1381 2047 αὐτοῦ.
1403 2009 1502 2057 ᾔδει
1522 2009 1574 2046 δὲ
1590 2011 1665 2046 καὶ
1678 2005 1851 2055 Ἰούδας
1869 2006 1893 2045 ὁ
1911 2022 2047 2057 παρα-

305 2099 309 2104 ’
354 2088 512 2133 διδοὺς
538 2084 676 2123 αὐτὸν
701 2085 780 2121 τὸν
806 2083 957 2125 τόπον,
985 2080 1055 2119 ὅτι
1076 2082 1290 2128 πολλάκις
1308 2080 1512 2127 συνήχθη
1532 2077 1698 2127 Ἰησοῦς
1718 2077 1810 2116 ἐκεῖ
1824 2079 1938 2124 μετὰ
1957 2083 2047 2116 τῶν

353 2162 574 2205 μαθητῶν
601 2154 740 2192 αὐτοῦ
765 2156 808 2201 ⁴).

414 2228 626 2282 Loquitur
658 2226 806 2278 itaque
835 2222 1030 2278 Joannes
1066 2223 1110 2264 l:
1145 2221 1200 2264 de
1234 2221 1414 2276 regione
1446 2222 1566 2263 trans
1599 2221 1833 2262 torrentem
1868 2216 2046 2263 Cedron

355 2301 461 2351 sita;
503 2299 553 2340 2:
599 2297 653 2339 de
687 2296 828 2344 horto,
862 2294 905 2335 in
940 2304 1071 2347 quem
1106 2290 1328 2334 Dominus
1362 2292 1549 2334 intravit.
1583 2289 1636 2333 At
1667 2290 1856 2332 Nonnus
1888 2290 2047 2331 menti-

355 2382 486 2413 onem
528 2368 633 2411 tacit
677 2368 721 2409 1:
765 2364 975 2420 regionis,
1018 2374 1133 2418 quae
1166 2365 1285 2406 trans
1317 2364 1553 2405 torrentem
1588 2362 1672 2404 sita
1704 2362 1793 2412 est;
1826 2360 1874 2403 2:
1910 2361 2046 2411 horti3

355 2443 404 2485 3:
449 2441 534 2483 Ioci
577 2437 812 2481 arboribus
855 2435 1030 2478 consiti.
1064 2433 1257 2476 Primum
1292 2434 1439 2476 locum
1473 2432 1747 2487 evangelista
1779 2431 1945 2474 indicat
1977 2431 2047 2473 his

356 2513 532 2554 Verbis:
580 2518 718 2566 πέραν
756 2520 837 2553 τοῦ
875 2513 1124 2562 χειμάρρου
1162 2517 1253 2549 τῶν
1292 2512 1492 2560 Κέδρων,
1542 2503 1831 2558 paraphrasta
1877 2504 2045 2544 autem:

356 2591 538 2636 πέζαν
577 2587 632 2635 ἐς
669 2584 1137 2634 ἀντιπέραιανῦ).
1179 2576 1276 2619 VOX
1318 2577 1463 2618 autem
1508 2582 1665 2627 πέζα,
1707 2573 1834 2628 cujus
1868 2573 2047 2628 propria

356 2656 425 2697 vis
471 2655 536 2696 est
581 2650 748 2707 „pes’'‚
791 2650 978 2705 eiusque
1022 2648 1144 2690 notio
1187 2646 1318 2689 latius
1359 2646 1609 2689 extenditur
1650 2645 1693 2686 in
1732 2655 1907 2686 omnem
1942 2654 2046 2694 rem,

359 2737 473 2780 quae
516 2724 823 2779 cujuscunque
857 2721 917 2763 rei
952 2721 1019 2762 est
1050 2719 1165 2769 finis,
1200 2720 1246 2760 ut
1279 2728 1483 2772 margo,
1517 2717 1738 2766 instita,
1773 2726 1881 2766 ora,
1916 2715 2048 2757 utitur

412 2882 438 2927 Ι)
462 2884 517 2929 Jo.
545 2880 673 2923 XVIII,
702 2881 740 2922 1;
768 2878 816 2914 cf.
843 2877 967 2920 Blass‚
993 2874 1164 2912 Gramm.
1191 2876 1260 2912 des
1287 2875 1461 2912 Neutest.
1488 2873 1552 2911 Gr.
1581 2872 1606 2918 ἓ
1632 2875 1724 2917 35,5.

411 2941 438 2986 ¹)
458 2939 614 2985 Ὄμβρος
632 2940 654 2975 i.
669 2949 700 2974 e.
716 2937 837 2973 imber
854 2945 923 2981 pro
942 2935 1111 2971 torrente
1131 2935 1224 2971 mire
1244 2935 1453 2980 usurpatus
1471 2934 1550 2973 est;
1569 2934 1737 2969 occurrit
1755 2941 1831 2968 vox
1850 2932 2048 2977 praeterea

360 3002 442 3038 Par.
458 3001 517 3043 Xl,
535 3000 619 3042 120;
639 2997 720 3040 XX,
734 2997 780 3032 49
794 3005 863 3041 pro
877 2995 1001 3031 imbre
1015 2994 1279 3037 lacrimarum;
1299 2993 1355 3036 111,
1372 2993 1456 3036 162;
1476 2992 1600 3035 VIII,8
1613 3001 1682 3037 pro
1698 2990 1819 3028 imbre
1829 2990 2048 3027 verborum.

411 3058 439 3104 ⁸)
467 3059 525 3095 Cf.
553 3058 657 3094 Paul.
685 3056 750 3092 Sil.
777 3055 878 3091 amb.
903 3053 984 3089 276.
1255 3051 1284 3095 ⁴)
1308 3053 1364 3099 Jo.
1392 3051 1520 3096 XVIII,
1549 3053 1652 3095 lsq..

411 3117 439 3163 ⁶)
467 3118 550 3154 Par.
577 3116 704 3159 XVIII,
730 3116 770 3158 2;
797 3115 846 3150 cf.
873 3114 918 3157 X,
947 3113 1024 3148 142.
