2180 3606
983 210 1052 251 121

176 339 460 394 coniunctum
506 351 605 381 cum
640 338 840 393 patibulo
865 335 895 392 ¹)
929 339 1022 381 sive
1057 349 1145 380 non
1179 337 1466 392 coniunctum
1484 331 1530 390 ²).
1565 333 1722 378 Crucis
1760 347 1859 378 cum

175 410 376 465 patibulo
415 409 677 465 conjunctae
710 409 791 451 tria
823 420 985 463 genera
1017 408 1431 457 commemorantur,
1465 417 1527 448 sc.
1561 417 1668 448 crux
1699 405 1860 448 decus-

174 481 266 523 sata
304 483 366 531 Χ,
401 492 505 522 crux
529 480 769 522 commissa
799 474 870 534 Τ,
905 490 1011 521 crux
1034 479 1234 521 immissa
1264 475 1336 534 ·Ι·.
1371 476 1496 528 Quae
1520 474 1683 520 Christi
1717 477 1861 519 crucis

173 550 313 592 forma
344 550 485 601 fuerit,
519 562 573 592 ex
605 549 849 604 evangeliis
882 561 1027 602 neque
1055 548 1255 603 Joanneo
1279 560 1423 602 neque
1448 547 1605 590 ceteris
1629 546 1860 601 dijudicari

174 622 332 674 potest.
368 619 475 663 Solo
509 621 624 663 enim
648 620 870 662 vocabulo
893 626 1130 675 σταυρὸς
1152 620 1343 661 utuntur.
1369 618 1496 660 Haud
1519 628 1652 660 secus
1674 616 1862 659 Nonnus

173 691 410 745 ambiguus
453 693 532 733 est.
578 690 748 733 Etenim
790 690 937 740 verba,
982 701 1095 743 quae
1137 689 1193 732 ad
1237 700 1412 731 crucem
1456 687 1778 742 designandam
1822 689 1862 729 et

173 761 513 804 describendam
542 761 757 812 adhibuit,
782 760 991 815 explicari
1018 762 1208 814 possunt
1231 760 1433 814 primum,
1458 760 1517 801 ita
1540 760 1585 801 ut
1608 768 1715 801 crux
1734 758 1864 800 fuerit

174 843 260 873 una
298 831 604 874 tantummodo
637 831 758 874 trabs
791 843 879 873 non
913 830 1152 885 conjuncto
1183 829 1398 884 patibulo.
1439 829 1550 872 Nam
1584 840 1671 870 vox
1703 834 1864 882 ὀχεὺς

174 914 304 944 unam
352 904 519 944 tantum
563 903 729 945 trabem
773 902 951 952 indicat,
995 901 1129 943 verba
1174 900 1435 954 coniuncta:
1478 907 1628 955 δόρυ
1665 919 1802 955 τετρ
1819 906 1864 942 ά-

172 982 437 1028 πλευρον
478 972 728 1027 significare
773 973 963 1026 possunt
996 971 1163 1026 lignum
1208 982 1235 1024 q
1256 983 1282 1012 u
1302 982 1327 1012 a
1345 970 1372 1011 d
1393 982 1410 1011 r
1427 972 1528 1012 atu
1548 982 1603 1021 m,
1638 971 1664 1012 i.
1684 981 1720 1012 e.
1764 981 1787 1012 c
1805 970 1862 1011 ui

173 1044 450 1096 quatuor
493 1045 715 1085 costae
759 1044 918 1093 sunt,
953 1041 1221 1084 vocabulum
1260 1042 1405 1083 autem
1439 1047 1711 1095 δούρατα
1744 1052 1863 1083 more

173 1115 402 1167 poetarum
437 1113 555 1168 ligna
588 1125 667 1167 pro
702 1113 822 1168 ligno
852 1114 999 1166 potest
1023 1112 1257 1167 designare
1274 1108 1321 1165 ³).
1356 1109 1529 1153 Deinde
1553 1111 1708 1153 eadem
1732 1111 1865 1153 verba

174 1183 228 1226 de
271 1183 450 1226 duobus
492 1184 627 1238 tignis
670 1183 756 1225 dici
792 1185 994 1237 possunt,
1029 1183 1054 1224 i.
1075 1194 1112 1224 e.
1147 1181 1201 1223 de
1236 1182 1354 1236 pa10,
1388 1193 1582 1235 quocum
1617 1181 1863 1236 patibulum

174 1254 459 1309 conjunctum
503 1256 581 1296 est.
630 1253 824 1296 Primum
858 1254 974 1295 enim
1020 1259 1294 1308 δούρατά
1336 1252 1462 1307 plura
1495 1252 1615 1306 ligna
1647 1252 1874 1306 designat,

173 1325 336 1367 deinde
373 1336 483 1367 voce
516 1330 692 1378 ὀχεὺς,
727 1335 841 1378 quae
876 1324 1053 1378 proprie
1088 1322 1254 1365 indicat
1280 1323 1449 1365 trabem
1484 1323 1628 1365 crucis
1661 1324 1865 1373 erectam,

173 1397 264 1438 tota
305 1407 424 1446 crux,
468 1396 538 1438 cui
584 1395 831 1450 patibulum
875 1394 1162 1449 conjunctum
1202 1395 1282 1445 est,
1316 1394 1463 1447 potest
1495 1392 1732 1448 designari,
1767 1404 1865 1434 cum

174 1477 276 1520 pars
319 1466 560 1520 praecipua
599 1477 678 1520 pro
721 1467 812 1507 tota
854 1476 898 1507 re
942 1465 1215 1516 nominetur;
1258 1465 1349 1506 tum
1383 1463 1652 1506 vocabulum
1686 1470 1868 1519 τετρά-

172 1547 433 1593 πλευρος
465 1538 673 1591 quator
705 1536 899 1578 crucis
931 1547 1145 1578 cornua
1178 1535 1300 1577 sive
1335 1536 1586 1577 extrema
1618 1533 1867 1589 significare

175 1609 335 1662 potest.
369 1605 457 1650 Sed
491 1608 537 1650 ut
569 1618 639 1650 res
672 1607 814 1662 magis
848 1608 1007 1661 pateat,
1038 1606 1093 1649 de
1116 1606 1243 1648 vocis
1275 1612 1730 1661 τετράπλευρος
1761 1604 1803 1646 νί
1829 1606 1870 1646 et

175 1678 500 1733 significatione
534 1689 678 1732 pauca
710 1676 966 1732 quaerenda
999 1679 1102 1719 sunt
1118 1674 1164 1730 ⁴).
1198 1676 1476 1719 Vocabulum
1519 1682 1749 1731 πλευρά
1782 1676 1867 1717 tam

176 1750 393 1791 costam
428 1760 561 1804 quam
596 1749 749 1791 latus
782 1747 1016 1803 significat.
1049 1745 1182 1797 Quod
1215 1747 1346 1802 igitur
1377 1747 1433 1789 ad
1468 1748 1642 1800 etymon
1668 1746 1868 1800 pertinet,

176 1831 264 1862 vox
293 1827 751 1875 τετράπλευρος
782 1820 889 1861 verti
916 1820 1063 1873 potest
1085 1820 1182 1860 aut:
1207 1818 1335 1872 „qui
1371 1819 1630 1871 quatuor
1663 1818 1869 1859 costas

177 1890 409 1941 habet'’‚
457 1892 554 1933 aut:
605 1891 737 1945 „qui
787 1891 1065 1945 quatuor
1112 1889 1321 1932 latera
1370 1886 1588 1930 habet‘'.
1637 1886 1703 1930 De
1748 1887 1868 1929 trabe

178 1973 206 2014 q
225 1973 251 2002 u
269 1973 295 2003 a
312 1961 339 2003 d
358 1963 492 2004 rata
534 1962 665 2017 igitur
697 1961 783 2004 dici
809 1972 946 2016 posse
979 1967 1434 2016 τετράπλευρος
1468 1958 1755 2013 perspicuum
1791 1960 1869 2000 est.

177 2029 252 2074 Sic
293 2032 501 2075 columna
542 2032 752 2087 quadrata
797 2032 957 2075 dicitur
1002 2041 1149 2076 κίων
1186 2037 1708 2086 τετράπλευροςῆ.
1756 2028 1870 2084 Ergo

179 2101 459 2145 manifestum
493 2104 560 2145 est
592 2114 767 2145 crucem
801 2103 844 2145 in
879 2101 1158 2157 paraphrasi,
1185 2102 1221 2144 si
1257 2113 1364 2144 una
1395 2100 1556 2143 trabs
1589 2099 1871 2153 quadrata

181 2175 259 2224 est,
292 2180 429 2229 δόρυ
454 2181 872 2230 τετράπλευρον
905 2174 1020 2216 recte
1044 2173 1208 2215 vocari.
1232 2171 1320 2215 Sed
1345 2171 1500 2214 eadem
1524 2181 1635 2213 voce
1662 2176 1871 2225 πλευρά

180 2243 403 2298 designari
427 2255 563 2299 posse
587 2256 883 2299 quaecunque
902 2245 1095 2286 extrema
1112 2244 1207 2286 sive
1226 2243 1374 2293 latera,
1394 2241 1598 2296 quamvis
1616 2239 1869 2290 verisimile,

181 2314 298 2357 haud
342 2317 488 2358 tamen
531 2317 695 2358 certum
738 2317 817 2358 est.
862 2315 1081 2369 Equidem
1123 2314 1329 2368 exempla
1360 2313 1512 2355 afferre
1546 2324 1634 2354 non
1669 2322 1869 2366 possum.

181 2383 353 2435 Quodsi
388 2387 677 2441 paraphrasta
709 2398 883 2429 crucem
919 2385 1097 2429 duobus
1129 2386 1264 2441 tignis
1289 2386 1493 2427 constare
1517 2383 1746 2437 putaverit,
1771 2394 1869 2425 eum

181 2456 403 2498 vocabulo
443 2464 896 2513 τετράπλευρος
937 2459 1127 2511 quatuor
1169 2456 1314 2498 crucis
1352 2456 1545 2497 extrema
1577 2453 1671 2496 sive
1706 2464 1872 2495 cornua

182 2528 256 2568 aut
288 2528 478 2581 quatuor
510 2528 699 2582 perticas
733 2528 996 2583 designasse
1030 2527 1255 2577 concedo;
1290 2526 1516 2580 praeterea
1548 2524 1603 2566 de
1636 2534 1766 2565 cruce
1789 2523 1871 2565 im-

183 2597 333 2648 missa,
361 2610 450 2640 non
473 2600 618 2640 autem
643 2599 697 2641 de
721 2610 850 2641 cruce
874 2599 1115 2641 commissa
1138 2609 1237 2639 eum
1262 2596 1384 2651 loqui
1411 2608 1465 2637 ex
1489 2595 1568 2637 hac
1591 2594 1723 2649 hujus
1746 2594 1870 2636 vocis

184 2667 507 2723 significatione
531 2669 730 2712 efficitur.
763 2668 969 2723 Denique
993 2669 1029 2711 si
1055 2669 1196 2724 magis
1219 2667 1350 2710 etiam
1374 2666 1500 2708 vocis
1521 2665 1591 2708 vis
1614 2666 1872 2707 extenuatur

185 2740 226 2780 et
267 2739 396 2781 latius
439 2741 570 2794 patet,
609 2741 668 2782 ita
700 2742 746 2782 ut
778 2741 834 2783 sit
868 2740 1138 2794 „quadru
1159 2738 1217 2793 pl
1238 2737 1348 2788 ex'’,
1383 2737 1539 2779 eodem
1574 2736 1775 2791 pertinet,
1808 2747 1869 2778 sc.

239 2864 265 2909 ¹)
294 2866 351 2902 Cf.
378 2867 429 2903 M.
456 2867 495 2903 Ρ.
523 2867 569 2905 G.
596 2869 670 2912 VII,
697 2869 766 2905 794
779 2878 856 2913 sq.;
884 2869 935 2904 M.
962 2868 1003 2905 Ρ.
1030 2868 1067 2903 L.
1096 2868 1119 2910 1,
1144 2867 1225 2903 578.

238 2922 266 2967 ²)
293 2924 351 2961 Cf.
378 2926 416 2961 ll.
442 2925 576 2970 XXIV,
601 2928 689 2970 453;
715 2925 813 2963 Xen.
840 2927 962 2963 Anab.
989 2927 1032 2968 V,
1058 2927 1090 2968 2,
1117 2927 1174 2961 21.

238 2981 266 3025 ⁸)
294 2983 351 3019 Cf.
371 2983 453 3020 Par.
472 2983 569 3028 XXI,
588 2987 650 3022 28:
670 2983 814 3028 δίκτυα,
831 2986 894 3021 30:
913 2983 1168 3030 ἀμφίβληστρα
1187 2993 1272 3019 cum
1293 2984 1355 3019 33:
1374 2980 1490 3025 λίνον,
1507 2983 1553 3018 43
1571 2984 1610 3018 et
1630 2983 1694 3019 50:
1709 2983 1869 3017 δίκτυον.

240 3041 266 3085 ⁴)
295 3041 407 3084 Quod
435 3044 571 3080 attinet
596 3045 656 3080 ad.
684 3055 718 3081 v.
736 3046 799 3080 74:
825 3042 1016 3088 τετράζυγι
1034 3044 1153 3088 δεσμῷ
1172 3044 1210 3079 et
1228 3052 1263 3078 V.
1281 3042 1327 3078 94
1341 3052 1418 3086 δεμ
1437 3038 1674 3085 πεπταμένας
1691 3038 1870 3085 ἑκάτερθε

187 3105 311 3147 χεῖρας
336 3102 424 3138 vide
450 3111 484 3149 p.
515 3103 581 3138 124
595 3112 664 3148 sq..
988 3100 1017 3146 ¹)
1045 3102 1173 3148 Epigr.
1198 3101 1330 3146 adesp.
1358 3100 1449 3147 Byz.
1474 3101 1507 3136 2.
