2180 3606
1122 200 1204 241 144

363 325 546 374 θαρσεω
572 348 615 354 -
638 328 695 374 Jo.
721 326 820 370 xvi,
845 324 953 370 33†;
979 326 1115 362 Matth.
1143 325 1203 370 1X,
1229 327 1274 370 2;
1300 327 1369 370 22;
1395 328 1479 363 cet..

361 396 534 444 θάρσος
559 419 602 424 -
630 398 715 434 Act.
741 395 909 440 XXV111,
939 394 1035 440 15†.

303 470 488 526 Propria
528 481 688 512 vocum
732 476 906 525 θρασύς
947 471 1029 511 cet.
1064 469 1132 510 vis
1164 468 1338 511 videtur
1370 480 1469 512 esse
1510 469 1725 520 „fortis,
1773 468 1997 518 audere,

303 541 440 583 forti
474 541 662 583 animo
696 539 867 582 esse”.
902 538 976 582 Sic
1011 540 1054 581 in
1088 539 1222 581 Iliade
1246 540 1464 594 imprimis
1487 551 1705 594 persaepe
1727 539 1997 582 vocabulum

302 618 476 668 θρασύς
509 612 698 666 legimus
730 611 944 665 scriptum
979 610 1034 652 de
1067 611 1175 666 viris
1206 610 1477 662 fortissimis,
1511 612 1557 653 ut
1589 610 1645 652 de
1679 609 1890 652 Hectore:

304 693 342 729 11.
367 691 445 735 ΧΗ,
470 693 538 729 6οε
565 689 621 735 δὴ
639 689 741 725 τότε
769 688 1078 735 Πουλυδάμας
1103 687 1566 737 θρασὺνἽΞκτορα
1593 681 1687 725 εἷπε
1709 688 1936 736 παραστάς
1954 689 1997 735 ¹),

303 767 529 818 praeterea
561 764 604 805 in
638 762 815 806 Pindari
850 763 1137 813 carminibus,
1172 764 1217 805 ut
1250 767 1361 814 Pyth.
1387 767 1432 811 X,
1458 769 1504 803 44
1530 777 1606 811 sq.:
1633 765 1838 812 θρασεῖ
1865 787 1908 793 .-

845 855 873 889 ᾳ
900 842 952 878 δὲ
978 841 1125 878 πνέων
1150 842 1314 889 καρδίᾳ

844 911 985 957 μόλεν
1011 911 1185 958 Δανάας
1210 912 1318 948 ποτὲ
1343 916 1459 957 παῖς.

302 987 487 1030 Necnon
517 998 586 1030 res
618 997 832 1042 θρασεῖαι
864 988 1070 1030 dicuntur
1093 988 1118 1030 i.
1144 999 1181 1030 e.
1203 987 1354 1038 fortes,
1378 989 1424 1029 ut
1444 993 1652 1039 πόλεμος,
1679 998 1823 1041 χεῖρες
1844 993 1887 1039 ·).
1911 982 1999 1028 Sed

303 1059 346 1100 in
381 1058 542 1101 malam
575 1060 759 1113 partem,
804 1059 863 1101 ita
896 1060 942 1101 ut
979 1059 1036 1101 sit
1086 1057 1360 1110 „audax’',
1399 1058 1513 1100 hanc
1545 1068 1702 1099 vocem
1735 1056 1998 1110 plerumque

302 1129 534 1183 accepisse
577 1130 783 1172 auctores
820 1129 990 1172 Atticos
1035 1130 1202 1172 indicat
1237 1128 1511 1179 Aristoteles,
1545 1128 1715 1182 quippe
1749 1127 1824 1181 qui
1860 1126 1999 1169 dicat:

300 1199 397 1238 ὁδὲ
422 1207 497 1250 τῷ
527 1205 792 1250 θαρρεῖν
818 1199 1220 1249 ὑπερβάλλων
1245 1204 1380 1250 περὶ
1406 1202 1473 1238 τὰ
1500 1201 1744 1248 φοβερὰ,
1772 1197 2000 1247 θρασύς.

302 1276 430 1309 Δοκεῖ
460 1272 512 1309 δὲ
537 1274 612 1309 καὶ
639 1270 816 1318 ἀλαζὼν
843 1265 959 1310 εἶναι
986 1271 1010 1309 ὁ
1036 1273 1211 1321 θρασὺς
1235 1275 1310 1310 καὶ
1335 1272 1676 1321 προσποιητικὸς
1702 1269 1901 1319 ἀνδρίας.
1931 1266 2001 1316 Ὡς

301 1334 385 1380 οὖν
411 1341 578 1389 ἐκεῖνος
603 1346 702 1391 περὶ
728 1344 784 1380 τὰ
810 1345 982 1392 φοβερὰ
1001 1341 1107 1390 ἔχει,
1128 1342 1271 1390 οὕτως
1289 1334 1421 1389 οὗτος
1439 1341 1653 1389 βούλεται
1671 1343 1933 1388 φαίνεσθαι·
1952 1338 2001 1377 ἐν

301 1406 369 1460 οἷς
394 1405 476 1451 οὖν
502 1414 695 1451 δύναται
721 1420 941 1460 μιμεῖται.
979 1415 1082 1451 Διὸ
1119 1416 1219 1452 καί
1257 1414 1420 1451 εἰσιν
1458 1413 1513 1450 οὶ
1551 1415 1770 1450 πολλοὶ
1804 1409 2002 1448 αὐτῶν

301 1488 338 1521 θ
351 1499 377 1533 ρ
393 1499 419 1521 α
434 1483 500 1521 σύ
515 1488 545 1522 δ
558 1498 579 1522 ε
594 1499 609 1522 ι
623 1488 650 1522 λ
665 1499 689 1522 ο
706 1497 734 1522 ι·
761 1484 809 1522 ε’ν
834 1485 1013 1532 τούτοις
1037 1487 1120 1534 γὰρ
1148 1485 1500 1534 θρασυνόμενοι,
1527 1486 1582 1521 τὰ
1602 1484 1773 1532 φοβερὰ
1796 1480 1880 1529 οὐχ
1897 1479 2001 1519 ὑπο·

300 1551 530 1600 μένουσιν.
551 1553 595 1593 ‘0
622 1557 674 1593 δὲ
699 1562 763 1604 τῷ
787 1560 1034 1603 φοβεῖσθαι
1051 1554 1359 1605 ὑπερβάλλων,
1379 1556 1543 1602 δειλός·
1567 1558 1642 1593 καὶ
1666 1556 1749 1603 γὰρ
1777 1553 1804 1591 ἃ
1829 1554 1890 1600 μὴ
1915 1556 2000 1595 δεῖ,

300 1629 376 1663 καὶ
403 1624 461 1673 ὼς
486 1624 540 1663 οὐ
567 1630 651 1669 δεῖ,
678 1630 752 1664 καὶ
777 1627 923 1664 πάντα
940 1628 995 1664 τὰ
1013 1632 1204 1664 τοιαῦτα
1222 1625 1473 1664 ἀκολουθεῖ
1489 1625 1625 1675 αὐτῷ·
1644 1624 1838 1663 ἐλλείπει
1858 1624 1909 1661 δὲ
1927 1626 2001 1661 καὶ

301 1702 365 1745 τῷ
391 1700 596 1746 θαρρεῖν·
612 1723 623 1734 .
637 1723 648 1734 .
664 1723 674 1734 .
689 1724 700 1734 .
725 1698 871 1734 πάντα
896 1699 979 1746 γὰρ
1006 1701 1229 1745 φοβεῖται·
1256 1695 1280 1735 ὁ
1299 1699 1350 1735 δὲ
1377 1696 1597 1746 ἀνδρεῖος,
1617 1695 1831 1742 ἐναντίος·
1850 1695 1902 1732 τὸ
1919 1695 2002 1742 γὰρ

302 1772 493 1816 θαρρεῖν
511 1766 759 1815 εὐέλπιδος.
776 1771 877 1817 περὶ
894 1767 1038 1806 ταύτὰ
1063 1769 1148 1815 μὲν
1166 1762 1248 1807 οὖν
1266 1767 1389 1806 ἐστιν
1414 1767 1440 1805 ὅ
1457 1781 1505 1805 τε
1524 1768 1675 1814 δειλὸς
1691 1769 1767 1804 καὶ
1785 1763 1810 1803 ὀ
1827 1765 2003 1814 θρασὺς

300 1841 376 1875 καὶ
390 1836 415 1875 ὁ
433 1837 652 1888 ἀνδρεῖος·
671 1839 903 1888 διαφόρως
920 1837 1121 1886 δ’ἔχουσι
1135 1840 1243 1889 πρὸς
1261 1838 1389 1876 αὐτά·
1408 1838 1451 1876 οἱ
1469 1839 1553 1885 μὲν
1570 1839 1653 1886 γάρ
1672 1835 2003 1886 ὑπερβάλλουσι

300 1912 376 1946 καὶ
402 1907 698 1948 ἐλλείπουσιν·
724 1908 748 1947 ὁ
767 1911 827 1963 ,δὲ
849 1911 996 1958 μέσως
1014 1908 1120 1957 ἔχει,
1139 1914 1213 1948 καὶ
1232 1909 1291 1958 ὡς
1317 1914 1401 1948 δεῖ·
1427 1912 1518 1947 καί
1551 1908 1603 1947 οἱ
1637 1909 1738 1955 μὲν
1768 1911 2004 1957 θρασεῖς

301 1986 628 2028 προπετεῖς
659 1983 746 2018 καὶ
780 1982 1128 2028 βουλόμενοι
1154 1982 1253 2030 πρὸ
1278 1986 1386 2019 τῶν
1410 1979 1702 2022 κινδύνων,
1730 1977 1786 2016 ἐν
1812 1976 2004 2024 αὐτοῖς

302 2050 331 2087 ἀ
343 2065 375 2098 φ
385 2053 400 2088 ι’
411 2061 471 2088 στ
482 2066 509 2088 α
520 2066 545 2089 ν
555 2065 580 2089 τ
591 2066 618 2089 α
629 2064 658 2089 ι·
680 2051 724 2090 οἱ
739 2049 1003 2102 δ’ἀνδρεῑοι,
1015 2051 1064 2090 ἐν
1077 2059 1171 2100 τοῖς
1186 2050 1329 2102 ἔργοις
1343 2051 1471 2099 ὀξεῖς·
1485 2051 1704 2100 πρότερον
1718 2047 1759 2087 δ’
1767 2048 1945 2096 ἡσύχιοι
1959 2049 2003 2096 ⁸).

301 2120 463 2164 Testes
495 2123 641 2164 autern
675 2124 778 2164 sunt
810 2126 928 2171 Soph.
955 2127 1052 2163 Phil.
1081 2128 1170 2163 1307
1185 2137 1266 2171 sq.:
1646 2120 1818 2167 κακοὺςΙ

491 2193 624 2241 ὄντας
648 2194 756 2243 πρὸς
782 2193 961 2241 αἰχμήν,
989 2192 1049 2231 ἐν
1076 2194 1140 2230 δὲ
1165 2198 1295 2240 τοῖς
1320 2193 1528 2240 λόγοις
1552 2195 1824 2240 θρασεῖς,

352 2267 438 2303 Eur.
464 2268 489 2303 1.
514 2267 559 2304 Τ.
584 2269 677 2305 275:
715 2264 851 2311 ἄλλος
876 2265 929 2302 δέ
954 2278 1022 2311 τις
1046 2264 1250 2311 μάταιος,
1279 2263 1306 2301 ἀ
1322 2278 1347 2301 ν
1361 2277 1385 2300 ο
1399 2278 1432 2309 μ
1447 2265 1462 2300 ι’
1477 2277 1504 2312 ᾳ
1530 2266 1566 2299 θ
1580 2276 1605 2311 ρ
1621 2276 1648 2298 α
1663 2260 1729 2298 σύ
1743 2275 1777 2308 ς,

351 2338 547 2383 Aristoph.
576 2339 644 2383 Eq.
673 2339 761 2375 181:
800 2334 871 2372 ὁτι
897 2336 923 2382 ὴ
950 2336 1141 2384 πονηρὸς
1166 2338 1241 2372 καὶ
1267 2333 1313 2381 ἐξ
1340 2333 1502 2382 ἀγορᾶς
1528 2326 1567 2370 εἶ
1592 2335 1667 2370 καὶ
1696 2330 1941 2381 θρασύς,

351 2408 447 2445 plat.
473 2409 577 2446 Prot.
602 2410 740 2446 360ss:
778 2404 945 2444 οὐκοῦν
977 2409 1052 2443 καὶ
1087 2405 1131 2443 οἱ
1166 2408 1313 2443 δειλοὶ
1346 2408 1445 2442 καὶ
1479 2403 1534 2441 οἱ
1568 2408 1826 2452 θρασεῖς
1858 2404 1933 2439 καὶ
1959 2401 2003 2439 οἱ

302 2476 572 2522 μαινόμενοι
604 2476 872 2515 τούναντίον
898 2476 1109 2526 αἰσχρούς
1134 2490 1183 2514 τε
1209 2477 1380 2524 φόβους
1405 2478 1656 2523 φοβοῦνται
1681 2476 1771 2511 καὶ
1802 2473 2003 2521 αἰσχρὰ

305 2547 487 2596 θάρρη
512 2551 858 2597 θαρροῦσιν,·
884 2552 1045 2597 Dem.p.
1064 2553 1175 2587 1441:
1201 2546 1299 2585 οὐκ
1325 2545 1543 2584 ἐπὶτῶν
1569 2546 1744 2592 λόγων
1769 2543 2001 2593 θρασύν,

305 2615 403 2654 ἀλλ’
446 2617 517 2655 ε’πὶ
552 2625 628 2666 τῆς
664 2625 942 2668 παρασκευῆς
980 2619 1165 2668 ἰσχυρὸν
1203 2611 1319 2655 εἶναι
1354 2621 1438 2655 δεῖ.
1480 2608 1611 2663 Apud
1655 2610 1813 2663 pOffitaS
1855 2610 2002 2650 tamen

307 2692 481 2724 necnon
524 2682 644 2737 apud
687 2683 802 2725 Novi
846 2682 1120 2726 Testamenti
1164 2683 1406 2736 scriptores
1441 2680 1621 2736 propria
1654 2680 1807 2721 harum
1841 2690 2001 2721 vocum

305 2752 388 2803 vis,
423 2753 627 2804 ‚,audere,
660 2754 837 2796 animus
868 2753 1039 2804 fortis”,
1073 2764 1290 2808 persaepe
1325 2753 1536 2794 servatur.
1571 2749 1643 2793 Sic
1676 2750 1811 2792 verba
1831 2756 2004 2805 θάρσος

305 2824 349 2863 et
390 2833 579 2878 θαρσεῖν
622 2824 665 2866 in
708 2824 837 2866 Novo
879 2823 1166 2867 Testamento
1199 2835 1376 2877 semper
1409 2823 1452 2864 in
1486 2822 1649 2863 bonam
1684 2822 1851 2875 partem
1884 2820 2002 2862 acci-

307 2893 500 2945 piuntur.
549 2892 623 2936 Sic
670 2895 805 2938 verba
848 2900 905 2946 Jo.
931 2898 1030 2943 XVI,
1055 2900 1124 2936 33:
1159 2894 1275 2932 ἀλλὰ
1301 2898 1528 2943 θαρσεῖτε,
1574 2892 1670 2945 ipse
1713 2891 2003 2946 paraphrasta

362 3035 389 3080 ¹)
417 3037 474 3074 cf.
502 3039 540 3075 11.
567 3039 659 3083 v111,
684 3040 746 3083 89;
776 3040 863 3083 126;
890 3041 975 3076 cet..
1207 3036 1236 3082 ¹)
1264 3037 1324 3075 cf.
1351 3038 1389 3074 11.
1416 3038 1476 3081 vi,
1502 3038 1590 3081 254;
1617 3037 1731 3081 xvu,
1755 3037 1837 3073 662.

358 3094 388 3139 ⁸)
417 3097 532 3132 Arist.
558 3098 642 3134 Eth.
668 3098 751 3135 Nic.
778 3099 834 3142 111,
861 3099 937 3142 vn,
962 3099 1091 3134 7—12.
