2180 3606
816 579 1260 651 THESES.

1034 851 1046 892 1

256 979 517 1023 Nonnianae
561 979 779 1035 evangelii
821 979 1195 1033 interpretationis
1236 979 1306 1021 vis
1348 979 1480 1032 atque
1524 977 1762 1020 auctoritas
1796 987 1884 1018 non

198 1049 468 1093 inventionis
509 1050 730 1102 felicitate,
771 1049 852 1093 sed
896 1049 1070 1092 Patrum
1104 1048 1330 1091 Ecclesiae
1363 1049 1679 1091 sententiarum
1712 1048 1886 1089 mutua-

198 1119 318 1162 tione
352 1122 645 1163 constituitur.

1029 1213 1059 1256 11

258 1343 443 1386 Minime
484 1344 736 1387 iaciendum
780 1346 847 1387 est
888 1355 988 1386 cum
1031 1356 1072 1386 v.
1106 1344 1159 1386 cl.
1194 1341 1249 1387 G.
1281 1343 1506 1397 Vollgraii,
1548 1341 1624 1396 qui
1668 1339 1887 1382 Mnemos.

205 1413 328 1465 1916,
363 1427 405 1468 p.
438 1415 523 1457 337
557 1415 793 1469 legendum
828 1425 927 1457 esse
961 1416 1108 1469 putat:

260 1483 370 1526 Plut.
403 1485 487 1527 Vi‘t.
520 1482 650 1528 Caes·
682 1485 762 1527 67:
801 1489 1028 1538 Ἀντὼνιος
1061 1493 1113 1529 δὲ
1146 1494 1221 1529 καὶ
1248 1491 1440 1537 Λέπιδος
1466 1489 1510 1527 οἱ
1535 1489 1732 1535 μάλιστα
1762 1489 1889 1533 φίλοι

201 1558 425 1604 Καίσαρος
450 1553 721 1603 ὑπεκδύντες
747 1557 809 1603 εἰς
835 1557 977 1604 οἰκίας
1001 1554 1301 1605 <ἕτεροι>
1327 1555 1480 1604 ἑτέρας
1504 1554 1771 1600 κατέφυγον,

201 1626 243 1667 et
277 1624 440 1668 Herod.
473 1625 534 1677 ΙΙΙ,
567 1626 647 1669 51;
681 1632 1041 1680 ἀπελαυνόμενος
1066 1630 1170 1670 δ’ἂν
1197 1632 1263 1679 ἤιε
1289 1629 1359 1669 ἐπ’
1391 1630 1544 1680 ἑτέρην
1569 1628 1692 1678 έτέρ
1706 1642 1777 1666 ων
1810 1632 1890 1676 prO

200 1696 291 1728 τῶν
316 1691 519 1740 ἑταίρων.

1022 1778 1069 1821 ΙΙΙ

263 1900 389 1943 Dem.
423 1900 534 1943 Phil.
574 1903 609 1953 l,
642 1902 691 1945 31
713 1916 722 1944 :
754 1907 1026 1957 λογίσαισθ’,
1053 1908 1124 1947 ὅτι
1150 1914 1243 1956 τοῖς
1268 1907 1517 1954 πνεύμασιν
1541 1909 1617 1944 καὶ
1642 1910 1739 1951 ταῖς
1757 1902 1893 1952 ὥραις

203 1984 284 2016 τοῦ
309 1976 439 2025 ἔτους
463 1981 518 2016 τὰ
544 1982 688 2017 πολλὰ
713 1981 1044 2029 προλαμβάνων
1070 1980 1392 2028 διαπράττεται
1419 1980 1651 2023 Φίλιππος,
1679 1980 1764 2015 cet..

260 2047 425 2091 Verba:
459 2055 587 2097 τοῖς
612 2050 954 2096 πνεύμασιν
978 2053 1076 2087 καὶ
1102 2055 1235 2096 ταῖς
1260 2048 1444 2098 ὥραις
1468 2052 1574 2084 τοῦ
1600 2044 1777 2092 ἔτους
1804 2054 1892 2085 non

201 2125 352 2176 textui,
385 2124 465 2167 sed
499 2124 684 2179 margini
718 2126 864 2167 textus
896 2124 1194 2167 adscribenda
1228 2124 1343 2166 sunt.

1023 2269 1076 2313 lV

263 2391 389 2436 Dem.
408 2391 479 2437 Ol.
501 2394 536 2444 l,
560 2393 634 2436 19:
656 2403 756 2449 περὶ
773 2401 825 2438 δὲ
842 2400 1083 2449 χρημάτων
1096 2400 1252 2448 πόρου,
1269 2396 1404 2440 ἔστιν,
1422 2390 1457 2435 ὦ
1477 2396 1637 2445 ἄνδρες
1652 2392 1893 2441 Ἄθηναῑοι,

201 2469 400 2519 χρήμαθ’
430 2468 552 2516 ὑμῖν,
580 2468 702 2509 ἔστιν
726 2469 793 2509 ὅσ’
824 2469 979 2509 οὐδενὶ
1003 2476 1094 2508 τῶν
1124 2469 1274 2507 ἄλλων
1297 2468 1552 2517 ἀνθρώπων
1582 2465 1895 2514 στρατιωτικά.

203 2539 393 2582 Verbum
427 2561 451 2584 o
467 2546 493 2584 ὑ
508 2551 538 2584 δ
551 2560 572 2585 ε
586 2549 642 2585 vi
673 2541 932 2584 mutandum
965 2542 1033 2584 est
1064 2541 1108 2582 in
1141 2561 1165 2584 ο
1181 2545 1208 2583 ὑ
1224 2550 1254 2584 δ
1267 2546 1288 2583 ε’
1303 2556 1330 2583 σ
1343 2560 1372 2582 ι.

1036 2686 1071 2729 V

265 2808 375 2852 Xen.
414 2808 554 2852 Anah.
591 2811 620 2862 I,
652 2810 692 2861 5,
729 2811 805 2853 ll:
848 2817 1192 2865 ἀμφιλεξάντων
1222 2817 1275 2853 δέ
1305 2829 1347 2852 τι
1380 2814 1584 2852 ἐνταῦθα
1619 2819 1710 2851 τῶν
1739 2826 1787 2851 τε
1815 2818 1896 2850 τοῦ

208 2887 419 2933 Μένωνος
456 2893 744 2935 στρατιωτῶν
779 2891 855 2925 καὶ
890 2893 982 2925 τῶν
1018 2893 1100 2925 τοῦ
1139 2887 1375 2936 Κλεάρχου
1414 2883 1438 2922 ὁ
1478 2885 1709 2933 Κλέαρχος
1746 2885 1898 2932 κρίνας

206 2955 380 2993 ἀδικεῖν
405 2957 485 2993 τὸν
509 2962 590 2994 τοῦ
616 2958 829 3005 Μένωνος
853 2959 1018 3006 πληγὰς
1044 2956 1269 3004 ἐνέβαλεν.

264 3025 431 3067 Verba:
477 3031 593 3064 τῶν
629 3040 690 3064 τε
726 3032 831 3064 τοῦ
870 3027 1154 3073 Μένωνος
1190 3028 1588 3074 στρατιωτῶν
1637 3022 1898 3078 corrigenda

207 3096 409 3139 suntin:
450 3108 563 3141 τῶν
596 3116 657 3140 τε
691 3103 975 3150 Μένωνος
1007 3116 1113 3140 του
1147 3105 1556 3150 στρατιωτῶν.
