2180 3606
1154 185 1210 227 94

130 314 181 356 N.
205 314 274 357 46.
396 314 609 357 Versibus
633 314 727 357 Par.
752 314 891 365 XVIII,
918 314 1136 363 64-111,
1162 313 1327 368 quibus
1351 314 1596 368 explicatur
1615 314 1680 368 Jo.
1703 313 1843 365 XVIII,
1871 314 2024 366 1—23,

338 385 525 428 Nonnus
568 386 652 429 sub
696 385 852 428 oculos
896 384 1028 427 nobis
1070 384 1252 439 subjicit
1294 396 1358 435 ea,
1393 395 1507 439 quae
1542 385 1584 427 in
1617 383 1769 427 Annae
1803 383 2026 439 pontificis

339 456 473 499 domo
487 459 583 499 acta
601 460 715 500 sunt.
735 455 801 499 De
821 457 921 511 ipso
938 458 1083 499 autem
1101 455 1241 507 Anna,
1262 456 1316 499 de
1334 455 1519 512 Caipha‚
1534 458 1588 499 de
1602 457 1690 499 alio
1704 456 1928 510 discipulo
1948 456 1973 497 ἰ.
1988 467 2025 498 e.

333 526 517 582 Joanne,
546 528 600 570 de
624 526 766 579 Petro,
788 528 875 582 jam
911 528 978 582 egi
1004 528 1148 582 capite
1172 528 1328 582 primo.
1352 525 1439 571 Sed
1463 529 1518 570 de
1542 528 1813 570 carbonibus
1831 527 2027 569 canden-

337 599 469 650 tibus,
503 599 669 653 quibus
702 599 887 641 ministri
921 610 1109 653 corpora
1142 598 1419 650 calefaciunt,
1454 600 1537 641 hoc
1562 610 1758 649 numero,
1783 598 1837 640 de
1859 596 2026 651 templo

337 670 483 724 deque
507 671 574 720 iis,
608 670 683 723 qui
718 670 930 724 templum
964 670 1162 712 invisunt
1193 681 1260 720 eo,
1295 671 1370 724 qui
1404 671 1617 724 sequItur,
1652 681 1834 712 numero
1867 669 2026 711 dicam.

396 740 440 782 In
474 739 772 783 describendo
807 741 907 795 igne
940 740 1129 793 Nonnus
1162 740 1354 795 diligens
1388 743 1466 784 est.
1502 741 1620 783 Haec
1655 740 1810 783 habet:

337 833 419 869 Par.
439 833 566 877 XVIII,
592 834 660 869 83:
711 830 950 877 συμμιγέες
976 827 1205 867 δ’ἴσταντο
1232 830 1464 879 διάκτοροι
1491 829 1724 879 ἀρχιερῆος

594 904 663 941 84;
713 905 849 948 θῆτες
875 899 991 947 ὁμοῦ
1017 904 1091 938 καὶ
1118 905 1279 948 δμῶες·
1307 899 1634 950 ἐθερμαίνοντο
1661 902 1713 938 δὲ
1739 900 1887 948 κύκλῳ

593 977 660 1013 85:
713 972 962 1021 ἀνθρακιὴν
988 973 1290 1021 στορέσαντες.
1318 970 1403 1010 ὑπὸ
1430 977 1643 1022 σπινθῆρι
1668 975 1695 1020 ¹)
1723 973 1775 1009 δὲ
1800 975 1946 1019 λεπτῷ

594 1048 640 1083 86
654 1059 662 1084 :
711 1044 881 1093 πυρσὸν
896 1043 1094 1082 ἄκαπνον
1105 1045 1134 1091 ²)
1154 1041 1319 1090 ἔχουσα
1333 1045 1578 1092 μαραίνετο
1592 1044 1621 1091 ³)
1639 1042 1887 1090 φειδομένῃ
1901 1040 2028 1088 φλόξ.

593 1119 662 1154 87:
701 1115 792 1162 -νὺξ
816 1117 898 1164 γὰρ
926 1112 1000 1162 ἔην
1027 1117 1192 1162 σκοτίη,
1221 1115 1548 1162 δυσπέμφελος·
1575 1113 1771 1162 ἑσπέριοι
1798 1113 1850 1150 δὲ

594 1190 662 1225 88:
711 1192 843 1233 γαῖαν
869 1185 1165 1233 ἐπιψύχοντες
1191 1185 1473 1234 ἀνερρίπιζον
1499 1184 1644 1232 ἀῆται·

594 1260 662 1296 89;
714 1260 862 1304 δμῶες
887 1256 1001 1295 ὅθεν
1025 1257 1260 1294 θάλποντο
1287 1258 1406 1304 φίλῳ
1424 1258 1543 1305 πυρὶ,
1578 1250 1619 1291 et
1642 1248 1696 1290 de
1720 1247 1878 1289 eodem
1903 1246 2028 1301 igne:

575 1331 663 1367 116:
714 1330 869 1373 Σίμων
895 1325 1186 1377 δ’έσχαρεῶνι
1211 1328 1540 1376 παριστάμενος
1565 1329 1639 1364 καὶ
1666 1321 1818 1363 ἀλύων

575 1403 662 1438 117:
712 1398 890 1446 ψυχρὸν
916 1395 978 1435 ἐπ’
1010 1397 1310 1446 ἀνθρακόεντι
1338 1399 1367 1444 ⁴)
1395 1398 1535 1443 δέμας
1561 1397 1836 1445 θερμαίνετο
1862 1399 2029 1443 πυρσῷ,

576 1473 662 1508 118:
712 1469 1006 1514 θαλπόμενον
1036 1465 1294 1518 δ’έρέεινον,
1331 1463 1555 1516 praeterea
1588 1460 1643 1503 de
1678 1460 1787 1501 miro
1821 1459 1878 1501 ad
1913 1469 2029 1500 mare

336 1532 590 1576 Tiberiadis
624 1533 751 1588 igne:

337 1613 419 1650 Par.
447 1614 544 1657 XXI,
569 1614 637 1649 56:
687 1610 906 1658 πυρκαϊὴν
932 1610 1171 1657 φλογόεντι
1192 1611 1223 1658 ¹⁵)
1249 1610 1585 1659 μαραινομένην
1611 1608 1714 1646 ἴδον
1740 1607 1882 1654 ἀτμῷ·

571 1686 638 1721 57:
689 1680 935 1730 ἀνθρακιῆς
962 1678 1266 1730 δ’ὲφύπερθεν
1291 1679 1354 1718 ἐπ’
1385 1680 1550 1730 ὀφρύσι
1575 1682 1782 1726 κείμενον
1809 1677 1961 1725 ἰχθύν.

337 1769 454 1824 Ignis
477 1769 734 1820 carbonum,
759 1781 890 1823 quem
911 1768 1105 1824 Joannes
1129 1775 1383 1825 ἀνθρακιάν
1401 1776 1430 1823 ⁸)
1453 1770 1596 1821 vocat,
1620 1780 1645 1811 a
1667 1768 1829 1810 Nonno
1848 1776 2031 1821 quoque

337 1841 497 1883 dicitur
520 1846 814 1896 ἀνθρακιά,
835 1841 1061 1895 praeterea
1078 1845 1416 1896 έσχαρεώνἾ),
1446 1846 1786 1896 ἀνθρακόεις
1811 1844 2029 1893 πυρσός,

335 1913 609 1962 πυρκαϊὴ.
654 1910 750 1954 Vox
791 1912 1015 1961 πυρσός
1057 1912 1186 1954 etiam
1231 1911 1388 1967 legitur
1430 1910 1525 1953 Par.
1565 1909 1630 1961 IV,
1673 1909 1759 1952 213
1797 1909 1852 1951 de
1895 1907 2029 1958 febri3

336 1982 442 2034 XIII,
475 1983 532 2026 96
565 1984 619 2025 de
653 1983 801 2025 anImo
835 1980 998 2026 Christi
1033 1983 1310 2033 conturbato,
1344 1994 1406 2025 sc.

664 2055 855 2103 Χριστὸς
881 2053 1109 2102 ἀσιγήτοιο
1135 2055 1246 2092 νόου
1268 2056 1512 2100 κυμαίνετο
1538 2058 1705 2103 πυρσῷ.

337 2124 493 2169 Cetera
516 2125 736 2167 vocabula
759 2125 802 2166 in
826 2123 1089 2179 Paraphrasi
1114 2125 1227 2168 Iocis
1245 2124 1552 2167 tantummodo
1572 2123 1763 2166 laudatis
1782 2122 2029 2164 occurrunt.

336 2196 480 2240 Verba
498 2196 1092 2252 conjunctatdvoqaxm‘nr
1118 2204 1486 2252 στορέσαντες
1504 2196 1669 2249 scripta
1688 2194 1892 2249 leguntur
1909 2191 2028 2246 apud

336 2268 575 2310 Homerum
610 2279 814 2321 quoque:

506 2339 811 2388 ἀνθρακιὴν
837 2340 1100 2389 στορέσας
1125 2339 1311 2387 ὀβελοὺς
1337 2336 1556 2388 έφύπερθ’
1588 2337 1802 2376 ἐτάνυσσε
1819 2338 1863 2383 ⁸),

338 2412 487 2452 notatu
521 2412 666 2452 autem
691 2410 874 2465 dignum
899 2412 965 2452 est
988 2421 1012 2451 a
1035 2409 1196 2451 Nonno
1221 2421 1403 2463 quoque
1428 2409 1538 2451 dici:
1574 2415 1882 2463 ἀνθρακιῆς
1911 2411 2029 2460 ἐφύ-

336 2494 535 2538 περθε.
580 2480 742 2523 Harum
788 2492 1025 2535 prunarum
1068 2479 1245 2522 flamma
1289 2491 1421 2534 parca
1464 2479 1709 2529 marcescit,
1743 2478 1802 2520 ita
1835 2479 1881 2519 ut
1913 2477 2029 2532 ignis

337 2553 503 2597 fumum
538 2566 626 2596 non
659 2553 804 2602 faciat,
838 2552 917 2594 sed
952 2551 1170 2594 scintillae
1203 2553 1359 2594 tenues
1393 2563 1446 2593 ex
1479 2562 1532 2593 eo
1562 2551 1763 2593 emicent.
1798 2547 2028 2599 Quodam-

338 2625 472 2668 modo
505 2624 751 2679 comparari
787 2624 1001 2678 possunt:

584 2696 642 2744 ὡς
668 2694 789 2734 δ’ὅτε
815 2709 881 2742 τις
907 2696 1049 2733 δαλὸν
1075 2699 1237 2742 σποδιῇ
1263 2693 1480 2743 ἐνέκρυψε
1505 2695 1782 2741 μελαίνῃ...

583 2768 756 2816 σπέρμα
781 2767 918 2816 πυρὸς
944 2767 1098 2815 σῴζων
1115 2768 1159 2814 ⁹),
1193 2761 1256 2801 et:

391 2860 417 2906 ¹)
444 2861 647 2898 Praeterea
672 2859 755 2896 Par.
782 2859 826 2902 V,
855 2859 942 2902 135;
970 2858 1067 2902 XIX,
1096 2859 1161 2901 10;
1188 2858 1269 2901 XX,
1296 2858 1353 2894 56.

386 2919 417 2964 ²)
445 2920 483 2956 In
510 2919 593 2956 Par.
620 2916 660 2963 †.
903 2915 931 2961 8)
960 2917 997 2952 ln
1029 2916 1112 2953 Par.
1139 2914 1178 2960 †.
1436 2915 1465 2961 ⁴)
1494 2916 1532 2952 In
1559 2915 1642 2952 Par.
1670 2913 1708 2959 †.

388 2977 417 3023 ⁵)
445 2979 483 3015 ln
511 2979 594 3015 Par.
620 2976 667 3022 †;
694 2978 892 3023 praeterea
918 2976 1002 3013 Par.
1029 2976 1110 3019 XV,
1136 2976 1204 3012 25:
1230 2973 1374 3022 φλογέῳ
1400 2973 1428 3019 †
1453 2973 1570 3018 πυρὸς
1594 2973 1705 3020 ἀτμῷ.

388 3038 416 3082 ⁶)
440 3039 497 3085 Jo.
524 3038 653 3081 XVIII,
682 3038 747 3081 ¹83
775 3036 872 3080 XXI,
898 3037 942 3079 9;
970 3036 1139 3072 ceterum
1167 3036 1204 3071 in
1232 3035 1278 3072 N.
1304 3035 1348 3071 T.
1376 3045 1452 3071 non
1480 3035 1656 3071 occurrit.

387 3096 415 3142 Ἴ)
443 3097 482 3133 ln
509 3096 593 3134 Par.
619 3094 659 3141 †.
902 3093 931 3139 ⁸)
959 3095 997 3130 Il.
1023 3094 1085 3138 IX,
1111 3095 1190 3131 213.
1433 3092 1462 3138 ⁹)
1489 3093 1599 3130 Hom.
1627 3093 1699 3130 Od.
1726 3092 1770 3137 V,
1796 3092 1975 3137 488sqq..
