2180 3606
1144 179 1201 222 36

325 315 519 370 dignam.
552 312 842 367 Evangelium
875 311 1020 352 autem
1052 308 1110 359 id,
1145 308 1268 361 quod
1301 308 1411 350 dixit
1432 308 1628 361 fecitque
1652 306 1820 358 Petrus,
1843 306 2018 362 simpli-

326 386 434 428 citer
474 386 632 434 narrat,
671 383 726 425 de
757 387 1041 437 θρασύτητος
1072 379 1180 420 vitio
1213 381 1288 420 aut
1319 379 1475 420 virtute
1510 378 1733 420 mentione
1768 388 1855 419 non
1888 377 2017 419 facta.

385 454 618 500 Celeritate
651 452 843 507 quadam
878 452 921 492 et
953 449 1128 492 levitate
1163 449 1327 503 ingenii
1363 448 1516 490 Petrus
1549 447 1768 490 interdum
1803 460 1891 490 non
1922 459 2019 489 om-

327 528 460 570 nibus
502 527 634 568 rebus
675 521 1028 576 circumspectis,
1074 520 1162 561 imo
1196 531 1302 561 vero
1336 519 1458 561 nullo
1491 519 1683 561 consilio
1717 518 1818 572 agit.
1854 517 2018 560 Eadem

327 599 388 640 illi
424 598 467 639 in
501 607 636 638 causa
667 595 748 643 est,
782 592 904 646 quod
937 603 963 633 a
994 590 1157 632 Nonno
1191 592 1471 644 nuncupatur
1503 596 1828 642 αἰολόμητις
1851 597 1878 643 ¹)
1903 588 2021 643 ejus-

327 681 414 723 que
447 672 675 723 θρασύτης
708 665 734 706 i.
753 675 790 706 e.
823 663 1000 705 animus
1029 661 1154 703 fortis
1179 661 1221 702 in
1244 661 1459 703 audaciae
1482 661 1636 702 vitium
1661 659 1853 701 vertitur.
1878 658 2021 701 Voca-

327 740 480 782 buium
524 739 669 779 autem
712 741 974 787 αἰολόμητις
1014 743 1192 787 perraro
1225 733 1392 773 tantum
1426 731 1546 785 apud
1580 732 1784 772 auctores
1817 730 2020 779 occurrit,

328 813 374 853 ut
405 808 525 863 apud
550 806 810 856 Hesiodum,
833 804 1004 858 Theog.
1029 803 1128 853 511,
1152 814 1243 856 quo
1267 803 1322 844 de
1345 801 1610 844 Prometheo
1634 801 1795 843 dicitur
1812 801 2021 854 idemque

325 882 417 923 fere
450 880 516 921 est
547 890 598 921 ac
630 883 939 929 ποικιλόμητις
971 875 998 916 i.
1017 886 1054 916 e.
1088 874 1153 915 vir
1183 873 1317 923 „varii
1341 872 1563 922 consilii’',
1591 871 1837 923 „astutus'’;
1861 870 2021 913 Aesch.

327 952 485 1007 Suppl.
523 949 646 1000 1037,
681 959 772 1001 quo
795 946 850 988 de
873 946 1043 988 Venere
1067 944 1314 994 adhibetur,
1339 955 1452 997 quae
1477 945 1544 985 est
1569 941 1777 993 „mobilis
1801 940 2021 984 consilii”.

327 1023 416 1068 Sed
449 1022 624 1065 Petrum
658 1020 850 1061 astutum
884 1017 971 1058 dici
1006 1028 1094 1057 non
1123 1026 1259 1069 posse
1283 1014 1463 1068 planum
1490 1016 1577 1064 est3
1601 1013 1794 1067 simplex
1816 1013 1934 1055 enim
1958 1013 2024 1054 est

326 1098 460 1149 atque
502 1093 711 1147 apertus„
739 1088 925 1132 Vocavit
958 1088 1088 1142 igitur
1120 1098 1221 1129 eum
1254 1086 1443 1128 Nonnus
1476 1093 1755 1139 αἰολόμητιν,
1790 1085 2024 1138 propterea

329 1166 452 1221 quod
494 1165 561 1207 est
604 1174 644 1204 m
664 1159 873 1203 obilis
910 1158 1204 1201 consilii.
1241 1164 1494 1210 Ταχύμητις
1526 1158 1592 1199 est
1625 1155 1781 1197 Petrus
1814 1154 2024 1207 idemque

329 1237 511 1280 mobilis
553 1235 596 1276 in
639 1230 875 1287 capiendis
917 1229 1133 1272 consiliis.
1168 1229 1317 1282 ltaque
1352 1230 1586 1282 promptus
1618 1228 1685 1269 est
1718 1227 1760 1268 in
1795 1223 2024 1279 loquendo

329 1311 371 1351 et
403 1308 447 1350 in
480 1304 657 1361 agendo
689 1302 894 1355 soletque
927 1301 970 1343 et
997 1300 1120 1354 loqui
1145 1300 1187 1341 et
1208 1311 1339 1354 agere
1361 1298 1656 1341 festinantius.
1692 1296 1791 1339 Non
1815 1295 2024 1350 equidem

329 1390 445 1433 nego
487 1376 580 1418 fieri
624 1385 775 1429 posse,
814 1374 860 1414 ut
893 1371 1062 1421 Petrus,
1096 1382 1185 1412 non
1220 1372 1455 1424 propterea
1488 1369 1610 1423 quod
1644 1368 1896 1410 commotus
1929 1365 2025 1421 ejus

329 1450 505 1492 animus
551 1446 695 1495 fuerit,
743 1443 824 1487 sed
872 1443 979 1496 quia
1026 1441 1273 1483 ducebatur
1323 1441 1379 1482 ab
1427 1439 1603 1482 Andrea
1651 1440 1866 1488 currente,
1910 1436 2027 1479 celer

327 1521 469 1563 viator
500 1518 671 1560 dicatur

377 1595 461 1631 Par.
487 1594 512 1638 1,
541 1593 629 1628 159:
680 1587 739 1633 ὣς
765 1587 902 1624 εἰπὼν
928 1583 1163 1630 ἐκόμισσεν
1189 1582 1402 1631 ὁμόγνιον
1428 1583 1569 1631 ὀξὺν
1595 1581 1731 1619 ὁδίτ
1747 1596 1772 1628 η
1788 1596 1824 1623 ν,

540 1664 629 1699 160:
674 1655 844 1704 Ἰησοῦς
869 1655 951 1693 ὅθι
977 1661 1088 1693 ναῖε.
1123 1646 1267 1691 Ceteri
1301 1650 1446 1689 autem
1482 1647 1567 1689 loci
1607 1658 1696 1688 non
1729 1645 1875 1687 solum
1910 1643 2027 1685 indi-

330 1728 432 1770 cant
464 1724 652 1767 celerem
685 1720 800 1763 Petri
834 1731 1026 1769 cursum,
1060 1719 1320 1769 orationem,
1355 1718 1536 1760 modum
1570 1716 1747 1772 agendi,
1781 1715 1861 1758 sed
1895 1715 2025 1757 etiam

330 1798 525 1841 animum
557 1792 776 1836 fervidum
810 1794 943 1845 capto
977 1790 1178 1832 celeriter
1210 1789 1415 1832 consilio.
1440 1787 1513 1831 Sic
1537 1790 1710 1831 ceteros
1734 1786 2028 1841 praeveniens

331 1866 572 1922 respondet
604 1863 783 1908 Christo

378 1944 461 1980 Par.
489 1942 548 1984 V1,
573 1940 666 1976 216:
715 1935 823 1983 πρὸς
848 1936 951 1971 τίνα
977 1934 1195 1982 φέρτερον
1222 1932 1362 1969 ἄλλον
1388 1931 1602 1978 ἱκάνομεν
1611 1946 1627 1978 ,·
1653 1929 1890 1978 ἀμφιέπεις
1914 1929 1997 1977 γάρ

572 2012 664 2046 217;
715 2007 825 2052 ζωῆς
851 2003 1033 2042 ἀενάοιο
1058 2005 1307 2052 μελίρρυτα
1332 2002 1536 2049 χεύματα
1561 2001 1742 2048 μύθων.

573 2082 666 2118 218;
715 2079 791 2114 καὶ
816 2076 1047 2125 προτέρων
1073 2079 1299 2121 δεδαῶτες
1325 2073 1546 2121 ἀσιγήτων
1572 2072 1658 2110 ἀπὸ
1685 2075 1855 2121 βίβλων

574 2153 668 2188 219;
718 2147 934 2193 ἀπλανέες
958 2146 1226 2191 πιθόμεσθα
1251 2151 1330 2192 μιῇ
1355 2148 1430 2182 καὶ
1457 2143 1681 2193 ὁμόφρονι
1708 2147 1861 2191 βουλῇ,

574 2225 667 2259 220:
716 2217 815 2256 ὅττι
840 2222 956 2255 θεοῦ
982 2218 1037 2254 σὺ
1062 2218 1209 2263 πέλεις
1236 2216 1357 2263 ἅγιος
1381 2217 1533 2263 μόνος.

333 2297 435 2348 Quo
478 2296 578 2339 loco
622 2295 811 2337 Nonnus
852 2294 896 2335 et
928 2293 1208 2347 evangelium
1242 2292 1530 2346 amplificavit
1562 2292 1604 2333 et
1636 2291 1880 2333 orationem
1915 2289 2028 2333 Petri

332 2369 569 2410 firmiorem
617 2367 722 2408 fecit
768 2365 934 2407 additis
983 2364 1239 2418 praesertim
1288 2364 1458 2405 verbis:
1507 2369 1722 2416 απλανέες
1755 2364 1817 2404 et:
1851 2374 1930 2416 μιῇ
1955 2371 2031 2405 καὶ

334 2445 559 2495 ὁμόφρονι
585 2448 740 2493 βουλῇ,
775 2448 875 2479 cum
919 2435 1194 2489 evangelista
1235 2435 1365 2476 dicit:
1410 2444 1484 2478 καὶ
1519 2439 1644 2487 ἡμεῖς
1675 2440 2031 2485 πεπιστεύκαμεν

333 2521 409 2554 καὶ
434 2516 689 2564 ἐγνώκαμεν
705 2506 752 2562 2).
797 2505 870 2549 Sic
911 2505 1137 2560 singulare
1171 2505 1351 2547 mobilis
1385 2505 1549 2559 ingenii
1583 2504 1814 2558 specimen
1849 2503 2031 2557 praebet

336 2580 505 2630 Petrus,
539 2592 639 2621 cum
673 2577 878 2622 Christus
911 2577 967 2619 ad
1000 2588 1099 2618 eum
1124 2576 1308 2625 accedit,
1333 2577 1378 2616 ut
1402 2575 1542 2629 pedes
1565 2575 1661 2629 ejus
1684 2575 1812 2617 lavet.
1836 2573 2029 2616 Primum

395 2655 479 2691 Par.
505 2655 597 2698 X111,
623 2655 670 2690 28
683 2663 791 2698 sqq:
833 2649 971 2695 ταχὺς
1000 2651 1030 2685 δ
1036 2640 1297 2685 ’ἀντέσπασε
1325 2649 1480 2693 Σίμων
1508 2647 1630 2694 (τοὺς
1654 2647 1813 2693 πόδας)
1841 2654 1938 2693 cet-3

337 2721 515 2771 deinde,
548 2732 573 2762 a
606 2718 785 2763 Christo
818 2719 1107 2772 vituperatus,
1141 2719 1279 2759 totum
1314 2728 1477 2771 corpus
1512 2717 1646 2759 lavari
1681 2717 1803 2758 iubet

385 2796 469 2832 Par.
495 2795 588 2839 Xlll,
613 2796 681 2830 42:
732 2793 806 2828 ναὶ
832 2793 1030 2836 λίτομαι,
1057 2790 1118 2836 μὴ
1143 2795 1314 2835 μοῦνον
1341 2787 1475 2835 ἐμοὺς
1500 2789 1654 2835 πόδας,
1683 2788 1940 2838 ἀμφοτέρας
1967 2789 2020 2826 δὲ

607 2867 677 2901 43:
726 2864 875 2906 νίψον,
904 2861 1027 2908 ἄναξ,
1053 2863 1128 2897 καὶ
1153 2866 1304 2909 χεῖρας
1329 2858 1437 2906 ε’μάς
1462 2863 1535 2896 καὶ
1561 2860 1764 2896 κυκλίέδα
1790 2860 1966 2909 κόρσην,

608 2938 677 2972 44;
727 2936 801 2970 ναὶ
827 2933 975 2975 πάλιν,
1002 2931 1055 2979 ἢν
1081 2930 1254 2979 ἐθέλῃς,
1281 2934 1355 2968 καὶ
1382 2930 1489 2968 ὅλον
1516 2931 1669 2978 δέμας.

394 3082 421 3127 ¹)
449 3083 532 3119 Par.
559 3083 657 3126 XXI,
687 3083 752 3118 120
770 3079 821 3126 †;
848 3082 897 3118 cf.
926 3093 960 3117 n.
985 3082 1042 3118 81.
1286 3078 1315 3125 Ξ)
1338 3082 1395 3127 Jo.
1424 3081 1482 3123 vl,
1510 3082 1567 3117 69.
