2180 3606
990 209 1071 252 155

182 341 319 385 semel
363 343 417 384 de
460 341 653 391 homine,
699 351 761 382 sc.
805 340 860 382 de
892 339 1111 381 Abraham
1147 338 1268 391 patre
1288 332 1332 390 ¹),
1368 334 1411 377 id
1445 333 1566 388 quod
1601 335 1871 377 rarissimum

184 414 251 455 est
282 412 402 466 apud
437 413 593 466 poetas
625 411 834 463 antiquos
851 406 898 463 ²),
932 409 1011 451 sed
1035 408 1178 462 magis
1201 407 1410 449 usitatum
1434 404 1553 459 apud
1577 406 1734 458 poetas
1757 405 1873 446 chri-

182 484 368 533 stianos,
402 483 478 536 qui
511 481 610 523 voci
645 481 871 522 notionem
896 480 1026 529 beati,
1050 478 1280 531 glorificati
1305 476 1548 531 subjiciunt
1564 472 1612 529 ³).
1645 473 1874 516 Praeterea

184 553 254 595 bis
278 563 486 594 numeros
509 553 638 593 vocat
658 557 850 603 ζαθέους
876 570 930 597 sc.
956 560 1039 596 Par.
1059 559 1187 601 XVIII,
1205 559 1270 594 59:
1297 554 1560 600 χιλιάδος
1595 552 1809 598 ζαθέης»
1833 546 1874 586 et

182 633 281 677 XIX,
306 635 396 669 209:
437 629 660 675 ζαθέης
698 627 1129 673 ἑκατοντάδος.
1167 619 1313 661 Primo
1360 618 1460 660 Ioco
1503 629 1602 659 eum
1647 617 1874 658 cohortem

182 694 378 735 divinam
421 704 596 743 vocare,
640 691 741 733 ideo
786 691 907 745 quod
950 690 1005 733 ad
1048 689 1261 743 templum
1296 687 1639 730 custodiendum
1673 687 1873 741 pertinet,

183 764 422 806 veriSImiIe
452 764 530 805 est.
564 762 711 804 Altero
746 762 846 804 Ioco
880 773 1109 803 numerum
1144 760 1343 801 divinum
1377 758 1484 800 dicit
1515 758 1717 808 fortasse,
1751 755 1873 810 quod

182 835 411 888 mysticam
446 833 672 875 notionem
706 833 744 875 ei
780 833 942 883 tribuit,
977 833 1023 874 ut
1054 830 1318 873 Ambrosius
1347 830 1390 871 in
1414 829 1516 871 Luc.
1539 828 1691 870 XXIII:
1718 827 1873 881 „quasi

183 904 319 946 libras
353 906 544 954 centum,
578 904 662 945 hoc
696 905 776 954 est,
810 902 1030 957 perfectae
1063 901 1165 943 fidei
1201 896 1591 954 quantItatem’'‘¹);
1625 899 1720 940 sive
1754 897 1875 951 quod

181 975 404 1017 vocabulo
448 975 631 1016 liberius
675 985 784 1016 usus
830 975 908 1024 est,
952 974 1009 1015 Ita
1051 974 1097 1014 ut
1128 971 1371 1026 significet:
1417 969 1646 1024 „ingens''.
1679 968 1877 1010 Mundus

181 1047 325 1087 autem
360 1053 521 1098 ζάθεος
553 1045 725 1095 dicitur,
761 1046 997 1098 propterea
1031 1041 1153 1096 quod
1186 1053 1211 1083 a
1244 1040 1341 1083 Deo
1375 1042 1548 1082 creatus
1581 1041 1660 1082 est.

235 1190 524 1239 Ἱμάσθλη
568 1185 746 1239 proprie
792 1185 859 1226 est
901 1183 1125 1237 flagellum
1170 1193 1192 1223 e
1237 1181 1553 1230 misfactum,
1587 1186 1877 1233 ὶμάσσειν

183 1259 328 1299 autem
361 1256 582 1310 flagellare
609 1255 728 1297 loris.
764 1254 858 1296 Hoc
881 1254 1065 1295 verbum
1089 1253 1133 1294 in
1157 1251 1420 1306 Paraphrasi
1445 1251 1680 1293 adhibetur
1702 1261 1878 1303 semper

184 1338 262 1381 per
293 1326 640 1376 translationem,
673 1336 736 1367 sc.
760 1324 815 1366 de
840 1320 1056 1377 morbo⁵)‚
1080 1323 1135 1364 de
1159 1323 1311 1376 partus
1335 1321 1567 1363 doloribus
1580 1318 1626 1374 6),
1650 1320 1705 1362 de
1728 1320 1877 1361 animo

183 1398 407 1439 commoto
424 1393 471 1450 7),
514 1395 569 1437 de
612 1395 737 1437 litore
782 1394 916 1436 undis
960 1404 1175 1447 percusso
1193 1389 1240 1446 ⁸).
1279 1392 1453 1434 Nomen
1487 1398 1689 1444 ἱμάσθλη
1722 1390 1879 1444 legitur

183 1470 246 1510 ter
277 1467 491 1520 scrIptum
524 1466 579 1508 de
613 1466 846 1507 daemonis
878 1465 1048 1507 scutica
1064 1461 1112 1518 ⁹),
1146 1463 1284 1506 semel
1319 1463 1374 1505 de
1406 1475 1510 1505 vera
1543 1462 1713 1504 scutica

229 1549 316 1585 Par.
343 1548 382 1591 II,
408 1549 474 1584 77:
1183 1544 1257 1578 καὶ
1283 1540 1331 1578 ἐν
1356 1541 1612 1588 παλάμῃσιν
1638 1538 1785 1586 ἑλίξας

405 1619 474 1654 78;
524 1613 784 1660 σύμπλοκον
807 1612 854 1651 ἐκ
872 1615 1072 1660 σχοίνοιο
1098 1613 1341 1659 νόθηνω)
1367 1614 1549 1658 ποίησεν
1576 1610 1878 1657 ἱμάσθλην,

185 1691 212 1733 i.
237 1702 274 1733 e.
309 1691 363 1732 de
395 1690 514 1741 fune,
549 1701 639 1743 quo
674 1687 878 1733 Christus
911 1689 1178 1731 mercatores
1211 1687 1265 1729 de
1300 1687 1468 1741 templo
1501 1686 1654 1741 abigit,
1687 1686 1742 1728 de
1774 1697 1879 1727 vero

182 1762 238 1803 fla
273 1761 359 1803 ello

229 1773 313 1866 Pgar.
339 1828 439 1873 XIX,
464 1830 509 1866 5:
559 1826 584 1873 ῥ
600 1840 614 1862 ι
628 1839 653 1872 γ
667 1838 688 1862 ε
703 1829 732 1862 δ
747 1839 773 1861 α
787 1839 812 1862 ν
826 1830 851 1872 ᾗ
876 1829 1091 1873 Χριστοῖο
1118 1824 1259 1870 δέμας
1285 1823 1487 1870 φοίνιξεν
1514 1821 1576 1868 ἱμ
1591 1822 1618 1858 ά
1633 1832 1661 1859 σ
1672 1825 1708 1858 θ·
1721 1825 1748 1858 λ
1761 1836 1800 1869 ῃ.

240 1961 359 2004 Voce
402 1967 748 2016 ἀχάρακτος
780 1959 969 2002 Nonnus
1002 1961 1066 2001 ter
1099 1958 1244 2008 utitur,
1278 1968 1341 1999 sc.
1375 1956 1470 1999 Par.
1506 1955 1572 2007 IX,
1606 1956 1655 2007 5;
1688 1955 1795 2006 XIX,
1828 1956 1878 2007 4;

182 2032 272 2084 ΧΧ,
304 2032 354 2083 4;
388 2032 524 2073 verbo
556 2038 895 2087 χαράσσειν
928 2030 957 2072 i.
987 2041 1024 2072 e.
1058 2039 1230 2079 acuere,
1265 2028 1475 2077 incidere,
1509 2027 1663 2077 octies,
1692 2038 1754 2069 sc.
1779 2038 1878 2068 cum

183 2103 379 2156 quuItur
401 2103 455 2144 de
478 2104 568 2144 arte
591 2097 891 2154 scribendi¹¹),
917 2100 1035 2142 haud
1059 2110 1190 2142 secus
1209 2110 1260 2140 ac
1282 2105 1536 2154 χάραγμα
1555 2108 1638 2143 Par.
1656 2106 1734 2149 ΧΗ,
1754 2105 1880 2151 130†;

184 2174 267 2223 bis,
302 2185 401 2215 cum
430 2172 560 2227 Jesus
593 2183 728 2214 caeco
763 2172 865 2213 nato
899 2170 1129 2213 oculorum
1164 2169 1296 2211 orbes
1330 2180 1461 2210 manu
1496 2169 1537 2210 et
1570 2167 1661 2209 luto
1692 2168 1885 2209 circum-*

182 2244 362 2297 scripsit
405 2245 445 2285 et
479 2239 707 2296 Incidit¹²),
742 2242 797 2283 de
831 2241 964 2283 remis
997 2252 1159 2294 aquam
1193 2234 1525 2292 secantibus¹³),
1560 2237 1614 2280 de
1648 2249 1806 2280 aurora
1820 2234 1879 2291 ¹⁴¹)-

185 2313 415 2356 Praeterea
448 2312 581 2355 Dion.
615 2313 664 2364 V,
696 2313 808 2364 404;
841 2311 892 2362 Χ,
931 2311 1013 2354 180
1046 2311 1206 2353 dicitur
1238 2310 1293 2352 de
1327 2310 1469 2363 prima
1502 2309 1710 2363 lanugine
1743 2319 1881 2362 genas

184 2385 401 2439 signante.
446 2383 722 2425 Vocabulum
767 2388 1018 2437 ἀχάρακτος
1059 2381 1256 2431 adhibet,
1300 2380 1472 2434 praeter
1513 2382 1626 2418 Di0n.
1657 2382 1769 2424 XLV,
1799 2382 1880 2418 121:

186 2460 301 2508 ἔχων
338 2461 688 2510 ιἰχάρακτον
726 2458 954 2507 ὑπήνην
996 2453 1051 2494 de
1093 2451 1255 2506 juvene
1300 2447 1502 2499 imberbi,
1536 2447 1631 2490 Par.
1666 2446 1733 2497 IX,
1767 2447 1793 2489 5
1827 2446 1881 2488 de

240 2570 266 2615 ¹)
293 2571 351 2607 Cf.
378 2571 462 2607 Par.
491 2570 552 2613 IV,
579 2570 636 2606 56.
1086 2565 1116 2611 ⁶)
1145 2566 1203 2603 cf.
1229 2566 1313 2602 Par.
1339 2564 1438 2608 XVI,
1464 2565 1521 2600 73.

235 2629 265 2673 ²)
294 2630 352 2666 Cf.
384 2631 499 2666 Anth.
531 2628 592 2672 IX,
618 2630 687 2665 525
714 2629 761 2665 de
794 2629 987 2670 Apolline.
1087 2625 1117 2669 ⁷)
1145 2625 1204 2661 Cf.
1231 2625 1315 2661 Par.
1340 2623 1404 2667 XI,
1433 2625 1510 2659 111.

237 2687 266 2731 3)
294 2689 352 2725 Cf.
380 2689 494 2724 Anth.
510 2689 534 2731 I,
564 2689 617 2730 10,
635 2689 677 2731 7;
697 2688 788 2730 VIII,
805 2688 862 2731 57,
880 2687 936 2723 83.
958 2687 1036 2722 150.
1088 2683 1118 2728 ⁸)
1146 2684 1204 2720 Cf.
1232 2683 1316 2719 Par.
1342 2683 1403 2724 VI,
1428 2683 1486 2718 88.

237 2747 266 2791 ⁴)
295 2747 353 2784 Cf.
380 2748 431 2783 M.
461 2747 501 2783 Ρ.
529 2747 567 2783 L.
593 2745 676 2789 XV,
706 2747 807 2782 1839.
1088 2741 1118 2787 ⁹)
1146 2743 1205 2779 Cf.
1232 2742 1315 2778 Par.
1342 2741 1434 2784 VIII,
1464 2742 1548 2785 145;
1577 2741 1659 2783 147;
1685 2738 1800 2783 XVII,
1826 2740 1883 2775 35.

239 2804 267 2849 ⁶)
296 2805 354 2842 Cr.
381 2805 464 2841 Par.
490 2805 551 2848 lv,
575 2806 667 2848 214;
695 2805 756 2848 VI,
781 2805 826 2847 5;
852 2802 916 2847 XI,
940 2804 974 2839 9.

221 2864 265 2908 ¹⁰)
293 2864 352 2901 Cf.
379 2864 463 2900 Par.
488 2862 583 2906 XIII,
608 2865 670 2906 203
698 2862 811 2898 Dion.
838 2862 879 2906 II,
908 2862 996 2898 109:
1023 2862 1187 2905 utroque
1215 2861 1302 2895 Ioco
1329 2856 1451 2903 νόθην
1477 2855 1609 2902 μίτρην
1637 2858 1788 2903 legitur.

223 2923 267 2966 ¹¹)
296 2922 354 2959 Cr.
373 2922 457 2959 Par.
484 2923 524 2964 11,
550 2923 618 2965 89;
646 2922 723 2965 VII,
752 2922 840 2964 160;
867 2922 952 2957 cet..

225 2981 268 3025 Η)
297 2981 355 3018 Cf.
383 2981 465 3017 Par.
492 2979 553 3024 IX,
578 2982 646 3024 32;
671 2981 739 3023 76;
767 2979 816 3015 cf.
843 2981 963 3015 totam
991 2979 1199 3023 pericopen
1226 2976 1309 3013 Par.
1336 2975 1397 3020 IX,
1426 2978 1559 3020 lsqq.;
1587 2976 1635 3011 cf.
1663 2975 1705 3011 Κ.
1729 2975 1883 3019 Kuiper,

191 3052 226 3078 o.
244 3042 267 3076 I.
294 3051 330 3084 p.
355 3040 419 3075 371
450 3049 547 3084 sqq..

225 3098 267 3139 ¹³)
295 3099 352 3136 Cf.
380 3098 463 3134 Par.
491 3098 550 3141 VI,
576 3099 633 3135 72.
1077 3093 1122 3139 ¹⁴)
1149 3094 1208 3132 Cf.
1237 3095 1320 3131 Par.
1345 3094 1405 3137 VI,
1431 3095 1488 3130 85.

1938 1176 1990 1219 N.
2017 1176 2087 1218 89.
