2180 3606
962 200 1043 242 103

311 329 397 364 178;
447 328 521 362 καὶ
547 330 642 370 πᾶς,
670 323 718 370 ὃς
743 326 1046 372 προβέβουλεν
1072 324 1285 372 ἀληθείης
1310 326 1441 373 ζυγὸν
1466 323 1625 368 ἕλκειν,

310 400 397 435 179:
446 395 642 442 γλώσσης
668 392 880 442 ἡμετέρης
906 393 1108 439 ἀψευδέα
1134 399 1288 441 μῦθον
1314 394 1480 433 ἀκούει.

309 471 396 506 180:
445 469 519 503 καὶ
547 465 743 511 Πιλάτος
769 466 979 512 θάμβησε
1003 469 1078 502 καὶ
1104 464 1294 511 ἔμπαλιν
1320 466 1464 515 εἴρετο
1489 465 1642 514 μύθῳ·

309 547 397 582 181:
448 541 627 591 ἀτρεκίη
652 544 696 578 τί
721 542 869 585 πέλει;
903 535 976 576 ubi
1010 535 1129 588 apud
1158 535 1372 589 Joannen‘l
1403 534 1582 590 legitur:
1618 535 1739 580 εἶπεν
1765 535 1846 581 οὖν

158 605 280 655 αὐτῷ
308 610 540 653 Πειλᾶτος·
565 605 731 643 οὐκοῦν
761 606 969 653 βασιλεὺς
994 608 1033 643 εί
1059 606 1139 651 σύ,·
1158 606 1377 656 ἀπεκρίθη
1395 605 1419 644 ὁ
1434 604 1614 654 Ἰησοῦς·
1633 607 1687 644 σὺ
1706 607 1846 655 λέγεις

157 675 227 714 ὅτι
266 677 474 723 βασιλεὺς
504 677 610 722 εἰμι.
636 675 720 723 ἐγὼ
753 676 815 723 εἰς
840 682 975 713 τοῦτο
1004 677 1265 723 γεγέννημαι
1290 681 1365 714 καὶ
1391 678 1453 724 εἰς
1478 683 1613 715 τοῦτο
1641 676 1845 724 ἐλήλυθα
1887 682 1889 686 ’

156 747 218 793 είς
242 747 322 784 τὸν
346 748 529 792 κόσμον,
557 747 630 784 ἵνα
655 746 926 795 μαρτυρήσω
943 752 996 793 τῇ
1014 746 1221 795 ἀληθείᾳ·
1239 753 1322 794 πᾶς
1339 746 1364 785 ὁ
1390 747 1453 785 ὢν
1471 747 1519 785 ἐκ
1536 754 1612 795 τῆς
1629 747 1846 795 ἀληθείας

155 817 308 855 ἀκούει
332 832 422 863 μου
448 824 523 865 τῆς
550 823 710 865 φωνῆς.
737 818 854 864 λέγει
881 816 1002 866 αὐτῷ
1029 816 1053 854 ὁ
1081 822 1312 865 Πειλᾶτος·
1339 821 1382 855 τί
1404 818 1525 856 ἐστιν
1551 818 1744 866 ἀλήθεια
1768 820 1821 866 ι),·

155 893 298 935 Verba
334 893 554 947 Joannea:
598 900 660 936 σὺ
686 900 865 946 λέγεις
890 898 977 936 ὅτι
1003 900 1267 946 βασιλεὺς
1293 900 1407 945 εἰμι
1444 894 1632 936 Nonnus
1670 894 1842 936 omittit.

156 963 235 1006 His
278 965 423 1005 autem
467 963 615 1005 verbis
657 961 861 1006 Christus
904 963 1136 1005 confitetur
1172 974 1220 1005 se
1254 974 1353 1006 esse
1387 975 1547 1017 regem.
1582 963 1654 1007 Sic
1687 964 1840 1006 Matth.

153 1033 298 1084 XXVI,
340 1034 398 1076 64
440 1033 660 1075 Dominus
704 1033 1010 1087 interrogatus,
1055 1034 1196 1075 utrum
1239 1032 1357 1089 filius
1395 1032 1477 1075 Dei
1512 1035 1568 1076 sit
1600 1046 1739 1077 necne
1773 1047 1841 1077 re-

153 1104 357 1158 spondit:
391 1110 453 1147 σύ
479 1103 647 1157 εἶπας,
673 1115 772 1145 cum
792 1103 927 1144 Mare.
949 1102 1056 1153 xlv,
1079 1103 1135 1144 62
1159 1092 1287 1145 dieii:
1312 1109 1411 1157 ἐγώ
1438 1111 1568 1156 ειμι.
1593 1104 1841 1147 Verisimile

153 1174 283 1228 igitur
315 1174 432 1216 haud
466 1175 532 1216 est
564 1174 634 1215 his
667 1173 814 1215 verbis
848 1173 1032 1215 indicari
1060 1172 1302 1216 Dominum
1326 1174 1629 1228 respondisse,
1654 1173 1840 1217 Pilatum

151 1255 234 1286 suo
278 1245 421 1299 ipsius
459 1245 637 1287 nomine
673 1244 840 1286 dixisse
875 1242 1098 1286 Christum
1132 1255 1233 1286 esse
1266 1256 1428 1299 regem,
1461 1245 1540 1287 sed
1574 1245 1720 1299 ipsum
1754 1246 1839 1289 hoc

152 1326 240 1356 non
264 1311 535 1369 affirmare2).
561 1312 648 1356 Sed
673 1325 761 1368 qua
785 1325 828 1355 re
852 1313 1012 1356 ductus
1035 1315 1325 1368 paraphrasta
1347 1315 1456 1357 haec
1479 1315 1841 1359 circumscribere

151 1385 361 1436 omiserit,
403 1387 568 1427 certum
612 1396 700 1426 non
744 1386 823 1427 est.
857 1384 1063 1427 Fortasse
1096 1385 1181 1427 hoc
1214 1385 1421 1427 consulto
1453 1385 1617 1436 fecerit,
1653 1398 1706 1428 ne
1740 1388 1841 1440 quis

150 1453 373 1498 Christum
407 1467 567 1510 negare
600 1466 649 1498 se
683 1466 782 1497 esse
816 1466 962 1510 regem
998 1455 1110 1497 male
1144 1455 1430 1510 intellegeret,
1454 1457 1711 1510 praesertim
1740 1469 1839 1499 cum

149 1526 369 1576 versibus,
403 1526 478 1579 qui
514 1526 799 1580 praecedunt,
833 1528 983 1580 aperte
1008 1526 1095 1581 jam
1120 1537 1220 1570 eum
1245 1537 1344 1569 esse
1368 1538 1515 1581 regern
1539 1526 1839 1570 declaraverit.

207 1595 380 1639 Deinde
425 1597 468 1639 in
512 1597 594 1639 hac
634 1597 846 1652 pericope
879 1596 1068 1639 Nonnus
1101 1608 1180 1651 per
1211 1597 1516 1639 circuitionem
1550 1598 1743 1652 explicat
1775 1610 1839 1649 ea,

149 1678 263 1720 quae
296 1667 351 1709 de
384 1668 566 1709 veritate
599 1667 719 1722 apud
747 1667 963 1722 Joannem
997 1667 1213 1722 leguntur.
1248 1667 1393 1710 Utitur
1422 1670 1567 1710 autem
1606 1668 1840 1712 vocabulis

147 1742 429 1792 ἐτητυμιη,
465 1744 716 1792 ἀληθείη,
752 1743 993 1793 ἁτρεκιη,
1033 1739 1078 1780 ut
1110 1738 1336 1780 veritatem
1370 1738 1603 1793 significet.
1642 1736 1837 1788 Quarum

146 1819 307 1850 vocum
345 1814 656 1862 ἑτητυμὶη’)
695 1809 919 1851 rarissima
953 1809 1018 1851 est
1050 1820 1196 1862 neque
1230 1809 1437 1851 usitatum
1472 1811 1539 1851 est
1570 1809 1837 1852 vocabulum

146 1884 435 1934 ὰτρεκιηὴ.
473 1878 527 1921 At
558 1879 693 1921 verba
719 1878 940 1933 Joannea:
974 1884 999 1923 ὁ
1025 1885 1096 1924 ὢν
1121 1884 1177 1923 ὲκ
1203 1892 1294 1933 τῆς
1319 1885 1593 1933 ἀληθείας
1623 1879 1836 1934 singulari

146 1949 339 2003 explicat
370 1948 695 2004 significatione
729 1950 798 1992 his
830 1950 1002 1992 verbis:

193 2029 275 2065 Par.
302 2030 432 2074 xvlll,
462 2030 548 2067 178:
586 2029 660 2063 καὶ
685 2032 781 2073 πᾶς,
808 2026 856 2074 ὃς
880 2027 1184 2076 προβέβουλεν
1210 2027 1423 2075 ἀληθείης
1449 2029 1580 2075 ζυγὸν
1601 2028 1630 2075 ⁶)
1658 2029 1813 2065 ἕλκειν.

145 2100 293 2155 ltaque
338 2102 396 2153 id,
429 2101 552 2156 quod
580 2102 776 2157 Joannes
810 2102 939 2144 dicit:
991 2102 1029 2153 „i
1049 2114 1083 2153 s,
1118 2114 1141 2145 c
1160 2103 1218 2144 ui
1251 2114 1276 2145 a
1295 2115 1335 2145 m
1356 2115 1382 2145 o
1402 2115 1421 2144 r
1451 2103 1586 2145 veri
1621 2103 1678 2144 in
1698 2103 1836 2155 est’'‚

145 2172 338 2226 ideoque
379 2173 560 2215 veritate
603 2172 763 2215 ductus
804 2173 908 2227 agii,
946 2175 1062 2215 recte
1095 2173 1304 2228 explanat
1335 2173 1546 2216 Nonnus:
1592 2173 1685 2224 „is,
1730 2174 1834 2227 qui

146 2242 327 2297 elegit
367 2243 640 2285 veritatis
680 2243 871 2298 iugum
915 2242 1183 2286 trahere’'.
1227 2242 1432 2286 Profecto
1465 2242 1624 2296 verba1:
1658 2250 1836 2297 ζυγὸν

143 2317 329 2357 ἕλκειν
363 2313 614 2368 significare
647 2325 808 2369 posse:
843 2314 1060 2369 „iugum
1094 2313 1348 2357 trahere'’
1383 2315 1531 2369 negari
1562 2326 1650 2356 non
1675 2316 1833 2368 potest.

143 2384 319 2439 Legitur
365 2385 482 2428 enim
525 2385 645 2439 apud
687 2385 959 2427 Zenobium:
1004 2390 1250 2439 „tantem
1276 2392 1454 2439 ζυγὸν
1480 2389 1709 2429 ἕλκειν”
1750 2385 1776 2427 i.
1795 2396 1833 2428 e.

145 2455 372 2505 „fortunae
415 2455 616 2511 eiusdem
659 2456 831 2498 socium
876 2456 1005 2499 esse”
1033 2453 1079 2510 ⁶).
1124 2453 1212 2499 Sed
1256 2456 1439 2497 verbum
1482 2460 1687 2500 ἕλκειν
1733 2467 1832 2497 cum

142 2538 253 2568 voce
286 2534 448 2581 ζυγόν
480 2526 691 2582 conjungi
726 2538 814 2568 non
854 2527 981 2569 solet.
1015 2526 1183 2569 Tamen
1213 2526 1435 2568 contextui
1459 2527 1693 2568 verborum
1717 2527 1832 2568 recte

194 2671 222 2774 ’Ξ
246 2673 309 2767 Jgf.
329 2672 632 2773 {xgghgsscxll-l'
652 2732 715 2774 253
735 2731 885 2775 XXVll,
907 2733 943 2767 ll
959 2743 968 2775 ;
986 2732 1104 2767 Marc.
1123 2730 1204 2774 XV,
1224 2732 1265 2774 2;
1285 2731 1374 2766 Luc.
1393 2730 1522 2772 XXlll,
1540 2731 1578 2773 3;
1597 2730 1646 2766 cf.
1664 2729 1832 2775 Meyer’s

143 2789 390 2826 Kommentar
415 2801 502 2826 zum
530 2790 575 2826 N.
600 2790 830 2826 Testament
856 2811 898 2816 —-
925 2792 955 2834 1,
982 2790 993 2825 l
1022 2790 1088 2826 Εν.
1115 2790 1264 2833 Manli„
1291 2789 1433 2832 Weiss,
1463 2789 1500 2825 in
1528 2789 1662 2833 XXVl,
1688 2790 1752 2832 25;
1781 2788 1831 2825 ct.

142 2847 342 2893 Chrysost.
365 2849 441 2892 Vll,
467 2849 506 2893 ll,
533 2859 568 2894 p.
594 2849 664 2885 916
680 2850 711 2885 Α
737 2850 774 2884 in
802 2849 938 2885 Matth.
965 2850 1022 2893 86,
1045 2849 1098 2885 M.
1116 2849 1156 2884 Ρ.
1176 2847 1222 2885 G.
1242 2848 1363 2891 LVlll,
1381 2848 1468 2884 763:
1493 2853 1602 2882 τοῦτο
1619 2852 1711 2893 γοῦν
1728 2847 1793 2881 καὶ
1810 2846 1830 2881 ὁ

141 2905 300 2946 Πιλᾶτος
324 2907 485 2951 ἠρώτησε
509 2905 601 2941 τότε.
632 2905 675 2942 Τί
701 2905 770 2942 οὖν
796 2906 815 2941 ὁ
840 2906 1011 2952 Χριστός;
1039 2907 1094 2941 Σὺ
1121 2903 1236 2947 εἶπας.
1257 2903 1509 2951 ’.Ωμολόγησεν
1535 2903 1632 2941 εἶναι
1649 2906 1828 2952 βασιλεύς.

194 2964 221 3007 ³)
249 2965 308 3002 Cf.
330 2966 402 3013 Jul.
428 2966 524 3011 Aeg.
546 2967 592 3002 33
617 2965 698 3011 (lX,
725 2965 824 3010 771).

194 3023 220 3067 ⁸)
249 3024 307 3061 Cf.
332 3025 421 3061 Hdt.
447 3025 508 3069 lV,
536 3027 624 3069 152;
652 3025 712 3069 Vl,
741 3027 783 3069 l;
807 3027 876 3069 82;
902 3025 1011 3062 Pind.
1038 3025 1098 3062 Ol.
1124 3024 1171 3069 X,
1199 3026 1265 3068 17;
1291 3025 1373 3061 Arr.
1400 3026 1471 3062 An.
1497 3025 1558 3068 Vl,
1583 3026 1641 3069 25,
1669 3026 1699 3061 1.

191 3082 219 3127 ⁶)
248 3083 298 3120 ln.
326 3083 409 3120 Par.
436 3081 475 3128 †.
1039 3082 1069 3128 ⁸)
1096 3083 1240 3120 Zenob.
1267 3083 1322 3127 Ill,
1347 3085 1410 3128 43;
1436 3084 1486 3120 cf.
1512 3083 1703 3120 Aristaen.
1730 3083 1770 3127 ll,
1795 3085 1829 3120 7.
