2180 3606
1112 164 1164 207 10

286 286 424 334 λύσας
450 293 501 335 τῇ
528 287 748 334 συλλήψει
774 289 853 334 τὴν
879 290 1155 337 παρθενικὴν
1182 290 1336 337 ζώνην,
1363 289 1427 328 οὐ
1461 297 1521 338 τῇ
1550 290 1805 338 γεννήσει
1831 294 1979 340 διαρ-

286 358 458 407 ρήξας,
494 358 590 396 ἀλλ’
630 359 851 408 ἀκήρατον
888 363 962 397 καὶ
1004 359 1234 407 ἀνέπαφον
1274 362 1578 409 διαφυλάξας”
1608 353 1654 407 ¹),
1702 357 1744 396 et
1785 354 1980 409 JOanl'leS

287 421 657 476 Chrysostomus:
703 431 854 476 „Mmst
888 433 1072 478 νομίσῃς
1098 432 1150 468 τὸ
1175 437 1263 470 πᾶν
1287 433 1614 480 μεμαθηκέναι,
1642 431 1690 469 ἐκ
1718 431 1981 479 Πνεύματος

287 499 477 537 ἀκούων·
507 503 580 537 καὶ
606 503 688 549 γὰρ
714 502 859 537 πολλὰ
886 499 1137 548 ἀγνοοῦμεν
1163 500 1243 543 ἔτι.
1269 506 1345 540 καὶ
1370 509 1506 541 τοῦτο
1530 503 1856 549 μανθάνοντες·
1882 496 1981 540 οἷον

285 577 376 618 πῶς
403 571 581 620 ἄπειρος
607 570 654 608 ἐν
679 571 825 619 μήτρᾳ
852 570 1046 610 ἐστίν’...
1077 579 1190 621 πῶς
1227 577 1426 612 τίκτει
1464 590 1489 622 η
1526 574 1848 623 παρθένος,
1882 577 1981 611 καὶ

285 642 448 687 μένει
480 642 775 689 παρθένος”
797 633 856 689 2);

345 705 500 759 Neque
534 706 686 747 contra
709 705 796 747 dici
822 708 970 760 potest
991 707 1260 750 vocabulum
1288 715 1534 765 ἀπειρώδιν
1560 720 1649 751 non
1673 708 1804 751 latius
1832 710 1981 762 patere

288 788 419 829 quam
463 778 640 829 „partus
677 776 857 819 dolores
891 789 979 819 non
1018 778 1228 832 experta''
1271 780 1463 832 ideoque
1507 780 1692 822 Mariam
1737 791 1760 821 e
1801 781 1981 821 naturae

288 847 462 900 legibus
481 846 639 887 Filium
659 847 904 901 peperisse,
919 849 1076 890 mirum
1091 849 1134 890 in
1149 849 1329 892 modum
1345 851 1760 893 doloribustantum
1778 849 1981 892 sublatis.

288 916 457 958 Etenim
482 919 620 958 mater
642 916 740 968 Dei,
765 921 1004 972 postquam
1030 922 1202 974 parturn
1228 921 1380 972 edidit,
1399 922 1531 976 plane
1551 924 1592 963 et
1609 923 1758 975 aperte
1777 931 1803 962 a
1819 919 1982 962 Nonno

287 989 469 1028 vocatur
485 996 735 1043 παρθενικὴ
753 995 910 1045 μήτηρ,
940 996 1009 1034 ἀεὶ
1027 999 1292 1043 μεθέπουσα
1308 1001 1499 1048 κορείην,
1531 999 1757 1047 παρθένος
1778 989 1828 1045 ³).
1853 990 1981 1045 Ergo,

289 1069 558 1111 quamquam
593 1058 751 1101 Filium
786 1061 951 1114 genuit,
976 1062 1100 1116 virgo
1126 1063 1381 1116 permansit.
1408 1062 1537 1105 Haud
1561 1063 1696 1104 dubie
1721 1062 1852 1116 igitur
1874 1073 1983 1103 con-

287 1129 419 1170 sentit
451 1128 640 1172 Nonnus
673 1132 831 1172 canoni
867 1133 994 1174 tertio
1033 1133 1192 1186 synodi
1227 1133 1537 1176 Lateranensis
1564 1145 1682 1176 anno
1704 1132 1791 1175 649
1814 1132 1982 1174 coacti:

291 1196 361 1247 „Si
401 1200 503 1253 quis
548 1201 794 1243 secundum
830 1199 1020 1245 Sanctos
1052 1202 1205 1246 Patres
1238 1216 1327 1246 non
1361 1204 1594 1247 confitetur
1626 1204 1805 1258 proprie
1838 1206 1879 1245 et
1911 1214 1984 1244 se-

288 1270 481 1312 cundum
515 1271 743 1313 veritatem
777 1271 859 1315 Dei
894 1274 1151 1328 genitricem
1181 1277 1379 1317 sanctam
1403 1286 1670 1330 semperque
1695 1274 1918 1329 Virginem
1943 1275 1984 1315 et

289 1341 614 1384 immaculatam
647 1342 848 1394 Mariam,
883 1347 1036 1398 utpote
1070 1346 1217 1399 ipsum
1252 1345 1395 1388 Deum
1429 1345 1622 1388 Verbum
1656 1344 1911 1400 specialiter
1941 1346 1985 1385 et

287 1412 571 1455 veraciter...
591 1413 763 1467 absque
787 1415 957 1458 semine
980 1417 1246 1470 concepisse
1271 1429 1325 1459 ex
1347 1415 1512 1471 Spiritu
1537 1419 1706 1467 sancto,
1732 1418 1773 1458 et
1797 1416 1927 1458 inco
1943 1427 1984 1457 r-

289 1483 657 1536 ruptibiliter
690 1496 804 1526 eam
839 1487 1130 1540 genuisse,
1166 1487 1468 1530 indissolubili
1504 1489 1787 1542 permanente
1817 1488 1985 1540 etpost

290 1556 459 1607 partum
494 1554 694 1609 ejusdem
728 1557 993 1611 virginitate,
1027 1559 1351 1601 condemnatus
1383 1558 1468 1601 sit”
1494 1556 1544 1613 ⁴).

348 1623 411 1665 Ex
454 1625 634 1667 definita
674 1628 801 1670 vocis
839 1628 1102 1671 Nonnianae
1145 1635 1390 1686 ἀπειρώόιν
1427 1629 1754 1684 significatione
1796 1628 1984 1670 fortasse

290 1695 515 1749 quispiam
559 1696 733 1740 duxerit
773 1700 1043 1741 vocabulum
1087 1706 1255 1745 εὐώόιν
1281 1699 1317 1755 ξ·)
1350 1701 1406 1743 de
1439 1701 1579 1743 Maria
1612 1700 1783 1754 virgine
1817 1698 1983 1740 dictum

291 1765 406 1808 idem
440 1767 601 1819 valere,
635 1780 696 1811 sc.
733 1772 914 1824 „partus
941 1771 1176 1814 doloribus
1197 1771 1347 1823 felix'',
1373 1773 1400 1814 i.
1424 1784 1461 1814 e.
1491 1773 1667 1826 „partus
1691 1770 1871 1813 dolores
1895 1780 1983 1810 non

290 1837 512 1891 experta”.
560 1838 776 1892 Attamen,
826 1853 1099 1897 quamquam
1147 1844 1257 1886 haec
1306 1843 1607 1898 interpretatio
1654 1842 1710 1884 ab
1760 1840 1984 1895 exquisito

289 1909 603 1962 paraphrastae
636 1923 797 1966 genere
831 1913 1009 1955 dicendi
1043 1926 1132 1956 non
1166 1915 1386 1965 abhorret,
1417 1914 1575 1957 ceteris
1599 1913 1725 1963 locis,
1750 1912 1825 1954 ubi
1849 1922 1986 1953 voca-

290 1982 441 2024 bulum
476 1988 643 2027 εὺώόιν
668 1981 705 2037 ⁶)
738 1986 941 2035 occurrit,
976 1988 1278 2028 consentanea
1311 1997 1400 2028 non
1434 1988 1514 2028 est.
1548 1984 1659 2026 Nam

409 2053 504 2096 Par.
538 2054 564 2105 I,
598 2054 701 2097 155:
735 2061 952 2109 σύγγονον
983 2061 1256 2110 εὐώδινος
1282 2061 1553 2112 ε’ρευνητῆρα
1582 2061 1869 2107 θαλάσσης

291 2127 523 2182 probabile
557 2128 636 2177 est,

409 2198 503 2240 Par.
538 2198 565 2249 I,
603 2198 702 2240 170:
737 2205 799 2251 εἰς
828 2206 992 2243 πόλιν
1026 2203 1271 2242 εὐώδινα
1296 2204 1655 2249 τανυπλοκάμων
1682 2203 1939 2240 Γαλιλαίων

291 2272 455 2312 certum
480 2272 546 2312 est
568 2270 656 2312 vim
684 2269 817 2324 hujus
840 2270 965 2312 vocis
988 2269 1243 2311 translatam
1267 2280 1366 2311 esse
1391 2269 1463 2319 ita,
1487 2271 1532 2310 ut
1556 2268 1678 2309 notio
1702 2266 1885 2316 doloris,
1909 2265 1984 2317 qui

291 2341 563 2395 significatur
594 2352 705 2383 voce
739 2347 861 2394 ὠδὶς,
895 2341 1073 2395 penitus
1107 2342 1358 2382 evanescat.
1392 2338 1566 2381 Primus
1589 2339 1705 2380 enim
1730 2338 1858 2379 locus
1882 2348 1986 2391 pro-

291 2412 486 2453 babilius
517 2412 722 2454 vertitur:
759 2411 961 2462 „fratrem
993 2411 1150 2453 fertilis
1184 2411 1544 2466 investigatorem
1579 2408 1740 2451 maris’'
1769 2406 1818 2462 ⁷).
1851 2404 1985 2456 Quod

291 2485 435 2524 autem
469 2483 622 2524 attinet
654 2483 709 2525 ad
742 2484 941 2533 alterum,
976 2483 1070 2524 sive
1104 2484 1248 2524 vertas
1281 2493 1381 2524 cum
1413 2481 1620 2523 Heinsio:
1657 2479 1739 2530 „ad
1764 2478 1985 2520 civitatem

292 2553 547 2607 piscosam’'
583 2552 619 2607 ⁸)
658 2554 753 2596 sive
786 2554 937 2596 malis:
973 2553 1056 2604 „ad
1090 2554 1312 2595 civitatem
1346 2554 1472 2607 partu
1505 2547 1777 2605 (hominurn)
1809 2548 1985 2591 felicem

345 2656 369 2701 ¹)
396 2658 447 2693 M.
474 2658 514 2694 P.
541 2657 586 2693 G.
615 2658 763 2701 LXXV,
792 2659 882 2694 1460
907 2668 976 2703 sq..

343 2714 371 2760 Ξ)
399 2717 450 2752 Μ.
477 2716 517 2752 P.
545 2716 591 2753 G.
618 2717 704 2759 LIII,
729 2719 786 2753 51.
1288 2714 1317 2760 ⁸)
1345 2716 1428 2752 Par.
1455 2716 1497 2759 11,
1522 2716 1564 2759 93
1592 2716 1657 2757 11;
1684 2714 1747 2757 66;
1779 2713 1879 2756 XIX,
1908 2714 1987 2749 143.

342 2774 372 2817 ⁴)
400 2775 458 2811 Cf.
485 2776 569 2811 Von
595 2776 739 2819 Hetele‚
763 2775 1207 2822 Conciliengeschichte,
1234 2775 1290 2818 ΙΙΙ,
1320 2785 1356 2820 p.
1382 2776 1463 2811 224.
1575 2771 1605 2817 ⁶)
1632 2773 1715 2809 Par.
1743 2773 1765 2815 Ι,
1796 2774 1879 2816 155;
1909 2773 1985 2808 170.

343 2833 372 2878 ⁵)
400 2835 482 2870 Par.
510 2835 607 2877 XIX,
638 2836 720 2878 1⁴3;
749 2836 797 2871 cf.
824 2847 859 2871 n.
886 2837 942 2871 74.
1574 2831 1602 2877 Ἰ)
1631 2833 1768 2868 Versio
1795 2832 1955 2867 Heinsii.

344 2891 373 2937 ⁸)
400 2894 583 2929 Heinsius
609 2895 882 2938 interpretatus
908 2904 996 2930 esse
1022 2894 1176 2930 videtur
1197 2903 1337 2929 nomen
1358 2893 1552 2938 proprium
1575 2892 1795 2933 Bethsaida,
1813 2890 1987 2928 ΝἾἛΠἪ

293 2954 315 2988 i.
335 2962 367 2989 e.
399 2954 541 2988 domus
575 2954 794 2989 venationis
831 2952 1048 2997 (marinae),
1080 2953 1128 2988 cf.
1158 2953 1271 2989 Dion.
1298 2953 1390 2995 Xlll,
1421 2953 1505 2988 187:
1533 2951 1709 2990 εὐώδινος
1731 2946 1912 2994 Ἀφίδνης,
1939 2951 1986 2985 de

292 3021 370 3056 quo
404 3012 550 3056 oppido
576 3004 785 3048 Marcellus
811 3013 924 3049 dicit:
953 3012 1127 3054 „celebre
1154 3022 1222 3056 par
1247 3022 1312 3048 ses
1339 3012 1463 3047 mines
1489 3010 1698 3056 d’argent'',
1724 3011 1783 3045 ed.
1811 3010 1900 3044 min.
1926 3007 1986 3051 111,

293 3082 328 3116 p.
357 3071 443 3114 195;
470 3070 583 3106 Dion.
608 3071 701 3114 XIII,
726 3071 814 3106 467:
840 3069 1007 3114 Σάρδιας
1033 3071 1223 3110 εὐώδινας.
