2180 3606
143 291 195 332 N.

225 291 263 332 2.

204 2475 281 2517 .3.

1160 157 1187 198 2

386 288 559 340 Quodsi
585 288 892 343 Paraphrasim
918 296 1153 340 comparas
1176 296 1275 326 cum
1300 284 1548 339 evangelio,
1568 284 1810 338 experieris
1830 284 2018 337 primum

326 360 532 403 Nonnum
571 359 757 414 Joannis
798 357 1001 411 vestigiis
1035 356 1252 405 insistere,
1288 355 1345 397 ita
1379 357 1424 397 ut
1457 366 1556 397 eum
1589 355 1734 397 solum
1769 353 2019 408 eodemque

328 442 534 473 versuum
579 429 733 471 ordine
772 426 1107 469 circumscribat
1144 427 1230 467 tam
1267 425 1309 467 in
1344 425 1477 467 rebus
1511 424 1853 478 interpretandis
1885 435 2019 478 quam

329 501 567 557 praecipue
602 500 643 541 in
678 498 867 553 poeticis
900 496 1294 549 descriptionibus.
1328 493 1610 549 Quamquam
1645 495 1761 536 enirn
1791 494 2022 549 evangelia

329 572 562 626 synoptica
595 569 761 623 optime
794 567 930 617 novit,
966 567 1020 609 iis
1053 568 1198 608 tamen
1233 578 1365 620 parce
1399 577 1508 608 usus
1542 563 1666 619 est¹).

387 641 454 684 De
488 641 712 682 nonniana
745 650 887 680 rerum
922 636 1220 691 explicatione
1252 636 1594 678 Melanchthon:
1632 636 1848 687 „Nonnus
1878 635 2024 678 editus

331 712 438 763 est,''
473 711 628 764 inquit,
665 709 821 763 „cujus
854 708 1204 750 eruditissimum
1229 719 1404 749 carmen
1431 707 1473 749 in
1492 707 1709 762 Johannis
1732 706 2022 761 Evangelium

330 784 426 825 vice
469 781 628 836 prolixi
663 779 967 822 commentarii
1001 789 1101 820 esse
1135 778 1293 832 possit.
1327 777 1421 832 Ego
1455 778 1712 832 praedicare
1745 789 1834 819 non
1868 777 2024 819 dubito

331 853 480 895 multis
524 852 636 893 locis
678 851 734 893 ab
779 862 832 892 eo
876 861 945 892 me
987 849 1186 903 adjutum
1231 860 1345 891 esse.
1388 845 1622 903 Speroque
1660 849 1768 899 fore,
1801 850 1848 890 ut
1880 849 1916 890 si
1951 848 2024 890 alii

331 923 527 978 legerint,
575 921 794 964 fateantur
839 932 888 963 se
937 931 1119 974 quoque
1165 930 1219 961 ex
1263 920 1347 961 hoc
1401 919 1609 962 meliores
1651 919 1808 961 tactos.
1854 918 2025 960 Etenim

332 1004 601 1048 quamquam
646 993 705 1034 ita
748 991 955 1046 religiose
998 990 1191 1033 servavit
1232 989 1420 1032 Nonnus
1455 990 1576 1045 leges
1608 996 1949 1045 παραφράσεως,
1982 990 2028 1030 ut

333 1065 387 1107 de
420 1075 503 1106 suo
535 1064 609 1104 vix
643 1062 889 1117 quidquam
918 1061 1139 1103 addiderit
1156 1060 1329 1115 Joanni,
1353 1063 1499 1102 tamen
1523 1060 1760 1114 plerasque
1783 1059 2027 1102 sententias

333 1135 441 1177 mira
486 1133 725 1176 foelicitate
769 1132 1016 1175 illustravit.
1061 1131 1206 1186 Hujus
1250 1131 1381 1186 igitur
1424 1130 1677 1173 aediticium
1723 1132 1931 1185 putemus
1974 1141 2027 1172 ex

332 1218 439 1248 auro
483 1207 701 1255 constare,
744 1204 820 1258 qui
860 1203 1061 1257 proxime
1095 1202 1297 1256 sequitur
1328 1202 1631 1256 archetypum,
1666 1213 1748 1243 nec
1782 1200 1937 1255 procul
1970 1200 2027 1242 ab

334 1277 433 1331 ipsa
466 1276 648 1318 historia
682 1274 911 1328 Evangelii
946 1273 1152 1323 discedit,
1186 1275 1331 1315 tamen
1366 1274 1412 1314 ut
1435 1274 1605 1314 enarret
1628 1274 1669 1314 et
1691 1271 1861 1314 adferat
1884 1271 2027 1314 lucem

334 1346 672 1389 obscurioribus
723 1341 1043 1398 sententiis’'²).
1097 1342 1277 1386 Plurimi
1332 1354 1514 1397 quoque
1568 1343 1777 1385 Nonnum
1825 1343 2030 1385 aestimat

335 1417 571 1462 Cornelius
603 1428 628 1459 a
660 1416 841 1470 Lapide,
875 1415 952 1469 qui
987 1415 1117 1457 dicit:
1152 1414 1301 1466 „Licet
1332 1414 1480 1456 Nonni
1515 1414 1816 1468 interpretatio
1851 1413 2029 1468 proprie

334 1490 501 1531 tantum
545 1488 601 1530 sit
644 1486 952 1541 paraphrasis:
996 1487 1142 1528 tamen
1177 1484 1327 1527 multis
1360 1485 1403 1526 in
1439 1484 1551 1527 locis
1584 1484 1811 1540 Evangelii
1847 1495 2029 1526 sensum

336 1571 415 1614 per
447 1559 642 1612 epitheta
674 1557 840 1599 indicat
872 1558 913 1599 et
946 1555 1162 1598 illustrat'’
1179 1552 1226 1610 ³).

395 1628 598 1672 Profecto
645 1630 732 1670 tam
781 1627 1018 1669 Nonniana
1066 1638 1208 1669 rerum
1258 1626 1496 1681 explicatio
1545 1638 1678 1680 quam
1721 1625 1947 1680 singulare
1991 1628 2032 1667 et

337 1701 561 1755 poeticum
585 1699 732 1741 Nonni
757 1697 935 1740 dicendi
960 1709 1103 1753 genus
1126 1698 1367 1752 praecipue
1390 1697 1710 1751 adiectivorum
1729 1708 1813 1739 usu
1832 1696 2032 1738 efficitur.

338 1770 493 1814 Genus
521 1770 637 1812 enim
672 1769 850 1812 dicendi
875 1768 1040 1824 grande
1064 1770 1106 1810 et
1128 1768 1312 1822 saepius
1335 1767 1533 1810 inflatum
1558 1768 1814 1810 discrimine
1838 1767 2031 1809 maximo

338 1842 482 1884 differt
513 1853 537 1883 a
570 1840 906 1895 simplicissima
939 1839 1158 1894 evangelii
1192 1839 1406 1881 oratione.
1441 1838 1680 1880 Homerum
1716 1838 1903 1893 eJ'usque
1933 1837 2033 1879 imi-

338 1915 501 1955 tatores
553 1914 711 1966 poetas
762 1910 1090 1953 Alexandrinos
1137 1911 1346 1961 sectatus,
1395 1909 1585 1951 Nonnus
1633 1909 1740 1951 mire
1789 1908 2034 1951 delectatur

339 1983 596 2025 nominibus
627 1982 861 2037 adJ'ectivis
894 1981 1039 2035 iisque
1072 1992 1224 2022 eorum
1249 1992 1370 2022 more
1394 1980 1587 2022 inventis
1610 1982 1652 2022 et
1674 1979 1940 2034 compositis
1962 1979 2031 2021 vel

339 2054 563 2096 rarissime
595 2053 651 2095 ab
678 2053 734 2094 iis
756 2052 984 2094 adhibitis.
1019 2052 1240 2106 Leguntur
1262 2051 1427 2105 scripta
1451 2051 1493 2093 in
1519 2049 1782 2105 Paraphrasi
1806 2049 1896 2092 fere
1918 2049 2035 2092 3214

339 2124 572 2173 vocabula,
601 2134 791 2177 quorum
810 2121 866 2164 ad
884 2122 996 2164 1300
1008 2124 1110 2164 sunt
1123 2122 1341 2175 epitheta3
1367 2123 1518 2163 contra
1532 2122 1574 2162 in
1589 2120 2033 2175 evangelioJoanneo

341 2196 577 2237 occurrunt
607 2194 694 2235 973
726 2204 876 2244 voces,
912 2204 1098 2246 quarum
1133 2192 1189 2234 73
1212 2191 1520 2234 tantummodo
1538 2191 1759 2246 adJ’ectiva
1777 2192 1892 2233 sunt.
1921 2189 2035 2232 Tota

341 2267 485 2308 autem
519 2264 807 2319 Paraphrasis
840 2264 977 2306 altero
1010 2265 1132 2305 tanto
1156 2262 1297 2317 maior
1319 2264 1386 2305 est
1409 2274 1541 2316 quam
1566 2261 1861 2316 evangelium.
1886 2260 2034 2303 Facile

342 2337 490 2390 itaque
525 2335 792 2390 intellegitur
824 2335 867 2376 in
892 2333 1114 2388 opusculo
1139 2335 1291 2376 nostro
1314 2333 1535 2388 adiectiva
1558 2332 1822 2386 plerumque
1845 2332 2034 2374 tractari.

404 2476 687 2531 Propositum
729 2478 875 2518 autem
906 2476 1013 2518 mihi
1048 2478 1127 2526 est,
1161 2476 1207 2516 ut
1239 2475 1437 2525 rationis,
1477 2485 1566 2528 qua
1598 2473 1787 2515 Nonnus
1820 2473 1863 2514 in
1902 2471 2036 2515 Para—

344 2548 492 2602 phrasi
526 2548 671 2597 utitur,
705 2547 959 2601 explicandi
993 2548 1035 2588 et
1067 2545 1461 2588 circumscribendi
1495 2545 1723 2598 specimen
1748 2544 1912 2586 darem.
1937 2540 2037 2593 Qua

344 2618 398 2659 de
441 2629 576 2659 causa
621 2618 709 2659 duo
749 2616 1040 2671 Paraphrasis
1083 2616 1229 2670 capita
1268 2614 1394 2657 XVIII
1433 2617 1474 2657 et
1511 2613 1605 2656 XIX
1642 2615 1869 2656 tractanda
1907 2613 2034 2668 elegi.

344 2687 537 2730 Primum
572 2687 626 2729 de
659 2688 883 2739 omnibus,
917 2698 1031 2741 quae
1064 2688 1313 2736 occurrunt,
1348 2686 1569 2740 personis,
1592 2696 1707 2739 quae
1732 2696 1831 2726 cum
1858 2682 2036 2727 Christo

344 2758 570 2813 supplicio
617 2758 854 2800 afficiendo
898 2758 1213 2800 commercium
1257 2757 1434 2807 habent,
1478 2759 1656 2798 acturus
1698 2766 1811 2797 sum.
1857 2754 1923 2797 De
1967 2755 2037 2797 his

396 2871 425 2917 ³)
452 2873 511 2910 Cf.
538 2885 572 2909 n.
598 2874 656 2909 94.

397 2929 425 2976 ⁹)
452 2932 727 2968 Melanchthon
764 2932 802 2967 in
828 2932 1084 2974 dedicatione,
1111 2931 1273 2967 editioni
1301 2931 1510 2976 Haganoae
1535 2939 1603 2975 per
1624 2930 1811 2976 Joannem
1839 2929 2037 2966 Secerium

346 3000 379 3027 a.
405 2990 622 3026 MDXXVII
648 2990 774 3026 factae
800 2991 1027 3035 praemissa.

397 3047 426 3092 8)
454 3048 567 3085 Corn.
593 3059 626 3085 a.
653 3049 753 3093 Lap.,
780 3048 996 3085 Comment.
1022 3049 1059 3084 in
1079 3048 1146 3084 Ev.
1162 3047 1199 3084 S.
1213 3048 1385 3094 Joannis,
1400 3047 1735 3094 Antverpiae,Jac.
1748 3047 1894 3090 Meurs,
1908 3047 2039 3091 p.248.
