2180 3606
108 2270 159 2312 N.
185 2271 253 2313 54.

1127 221 1208 263 108

372 348 454 384 Par,
482 349 580 386 XIX,
608 350 675 385 25:
725 345 849 391 ἡνὶδε
875 345 1195 392 ποικιλόνωτος
1222 345 1421 394 ἀναίτιος
1447 347 1624 384 ἵσταται
1651 346 1774 396 ἀνὴρ.

607 420 674 455 26:
723 419 797 453 καί
822 430 902 461 μιν
928 415 1258 465 ε’σαθρὴσαντες
1284 416 1500 464 ἁθὲσμιοι
1526 417 1756 467 ἀρχιερῆες

606 492 673 526 27:
722 490 796 524 καὶ
822 490 1037 535 βλοσυροὶ
1064 491 1305 536 δρηστῆρες
1331 487 1577 537 ἑπέβρεμον
1603 488 1794 526 ἄσπετον
1820 487 1925 536 ἠχώ.

325 562 420 604 Vox
460 570 910 615 ποικιλόνωτος
958 563 983 604 i.
1018 575 1054 604 e.
1106 563 1327 613 „dorso
1371 564 1773 606 versicolor''
1811 576 1836 606 a
1870 565 2016 619 poetis

324 634 559 675 adhibetur
592 632 645 674 de
679 633 962 684 animalibus,
997 636 1042 675 ut
1075 634 1129 675 de
1163 637 1368 688 serpente
1402 635 1521 689 apud
1556 634 1819 677 Pindarum:

463 716 606 747 κτεῖνε
632 711 716 756 μὲν
740 714 981 757 γλαυκῶπα
1007 713 1185 758 τέχναις
1209 725 1239 748 π
1253 726 1278 748 ο
1294 726 1309 748 ι
1322 726 1348 749 κ
1363 727 1377 748 ι
1392 716 1419 749 λ
1434 713 1458 749 ό
1472 727 1497 750 ν
1512 726 1548 749 ω
1563 726 1587 749 τ
1602 726 1626 749 ο
1641 726 1665 749 ν
1691 711 1718 749 ὅ
1730 726 1764 759 φ
1779 727 1794 749 ι
1809 727 1834 750 ν
1858 715 1899 759 ¹),

324 787 378 828 de
412 787 618 836 dracone,
652 786 707 828 de
742 786 936 829 dorcade
968 787 1089 841 apud
1123 787 1378 842 Euripidem
1396 785 1443 842 2).
1477 785 1566 830 Sed
1590 787 1778 831 Nonnus
1801 789 1883 831 hac
1905 800 2016 831 voce

324 858 456 899 utitur
489 856 542 899 de
577 859 793 899 nocturna
826 858 940 899 coeli
973 858 1134 900 stellati
1170 861 1293 901 veste

370 938 451 974 Par.
480 938 554 982 Vll,
580 939 649 974 67:
1288 936 1680 984 μελαγκρὴδεμνος
1706 936 1883 984 ὀμίχλη,

579 1010 648 1045 68:
697 1010 772 1043 καὶ
796 1008 904 1055 χροῒ
924 1006 1340 1045 ποικιλόνωτον
1365 1005 1742 1054 ἑπισφίγξασα
1767 1013 1976 1054 χιτῶνα

579 1080 647 1116 69;
698 1075 910 1125 ἀστερόεν
937 1077 1152 1124 σελάγιζε,
1179 1070 1296 1112 idem
1320 1072 1464 1112 autem
1489 1071 1664 1112 coelum
1689 1071 1797 1113 dicit
1819 1070 1951 1115 Dion.
1971 1071 2015 1123 ll,

322 1140 429 1183 335:
462 1146 657 1196 οὐρανὸν
683 1135 1053 1196 ἆστερόνωτονδ).
1087 1141 1216 1185 Unde
1255 1141 1356 1183 loco
1400 1141 1578 1184 laudato
1617 1140 1841 1185 Christum
1881 1143 2017 1186 dorso

322 1211 636 1254 versicolorem
681 1214 921 1266 nuncupat,
965 1215 1199 1267 propterea
1242 1212 1364 1266 quod
1399 1224 1669 1267 purpureum
1704 1213 2015 1256 vestimentum

322 1282 574 1325 obsoletum
624 1282 804 1325 dorsum
853 1283 950 1338 eius
998 1284 1206 1338 contegit.
1253 1283 1421 1325 Alludit
1468 1284 1600 1338 igitur
1645 1283 1765 1339 apud
1807 1284 2016 1327 Nonnum

322 1352 502 1404 Pilatus,
559 1354 864 1397 misericordia
912 1353 1076 1398 Christi
1124 1355 1324 1406 affectus,
1371 1355 1427 1397 ad
1481 1353 1661 1397 Domini
1715 1355 1832 1410 regis
1883 1354 2016 1398 fucati

322 1425 577 1467 ludibrium.

379 1493 512 1545 Quod
545 1496 698 1538 attinet
730 1496 786 1538 ad
819 1507 996 1538 versum
1029 1496 1099 1546 27,
1124 1495 1323 1550 praefero
1349 1496 1609 1539 lectionem:
1644 1503 1882 1542 ἄσπετον
1907 1503 2017 1552 ἠχώ

322 1566 525 1608 lectioni:
576 1572 839 1611 ἄπλετον
876 1572 1007 1620 ἠχώ,
1042 1566 1144 1608 licet
1177 1567 1301 1617 haec,
1335 1579 1435 1608 curn
1469 1568 1613 1609 codex
1645 1567 1886 1610 Vaticanus
1919 1580 2015 1611 eam

321 1637 541 1687 exhibeat,
587 1637 827 1691 improbari
872 1649 961 1679 non
1004 1638 1161 1691 possit.
1211 1634 1300 1679 Sed
1349 1637 1426 1688 illi,
1475 1649 1590 1691 quae
1639 1639 1797 1681 ceteris
1845 1639 2016 1681 codici-

322 1708 407 1749 bus
440 1707 598 1762 legitur
630 1708 807 1762 scripta,
842 1708 1068 1762 praesidio
1102 1709 1169 1750 est
1201 1706 1254 1758 Q.
1293 1706 1576 1762 Smyrnaeus,
1620 1708 1767 1751 Nonni
1801 1712 2015 1752 sectator:

320 1784 655 1834 ὲπὲβρεμεν
694 1785 952 1832 ἄσπετος
990 1786 1238 1835 αἰθήρ*).
1274 1779 1369 1834 Jam
1412 1780 1629 1834 praeierat
1672 1780 1958 1835 Lycophron:
1992 1786 2018 1835 ἢ

320 1854 630 1895 δ’ἅσπετον
662 1858 850 1904 χέασα
883 1863 1157 1905 παμμιγῆ
1189 1857 1398 1905 βοήν5).
1440 1850 1529 1893 Etsi
1565 1851 1681 1893 enim
1717 1852 1828 1893 echo
1862 1851 2018 1895 ineffa-

321 1922 424 1964 bilis
457 1933 556 1964 esse
591 1924 796 1976 nequeat,
830 1924 976 1964 tamen
1010 1934 1098 1964 vox
1131 1922 1227 1977 eius
1262 1933 1421 1977 magna
1454 1933 1554 1964 esse
1588 1922 1746 1976 possit,
1780 1923 1839 1965 ita
1871 1925 1918 1965 ut
1943 1925 2018 1965 aut

268 2051 271 2054 ἢ
318 1993 417 2035 ferri
451 1994 525 2035 aut
558 1992 753 2047 intellegi
789 2005 877 2035 non
912 1993 1070 2047 possit.
1104 1991 1405 2043 Quamobrem
1441 1992 1628 2035 conferri
1664 1995 1811 2047 potest

366 2074 448 2110 Par.
474 2074 572 2117 xlx,
598 2075 666 2110 55:
717 2074 821 2108 λαοὶ
847 2068 1171 2118 δ’ἀντιάχησαν
1199 2070 1492 2118 ἀσιγήτου
1517 2071 1739 2109 κλόνον
1764 2070 1946 2118 ἠχοῦς

601 2146 669 2181 56;
720 2144 961 2191 νηρίθμοις
987 2143 1298 2188 στομάτεσσιν.

376 2263 560 2308 Omisso
618 2265 842 2308 vocabulo
898 2275 1075 2318 μᾶλλον
1120 2265 1241 2319 apud
1285 2265 1499 2320 Joannem
1549 2266 1786 2320 scriptum:
1838 2274 2016 2317 μᾶλλον

317 2340 584 2390 {weil-922⁶),
631 2336 811 2378 alteram
856 2334 983 2378 Pilati
1027 2336 1416 2391 interrogationem
1460 2335 1649 2378 Nonnus
1691 2336 2016 2378 circumscribit

318 2404 412 2448 Par.
446 2406 554 2458 XlX,
586 2407 761 2449 39—52
777 2403 824 2461 ⁷).
859 2406 903 2449 ln
937 2408 1019 2449 hac
1053 2407 1265 2461 pericope

365 2493 447 2529 Par.
474 2494 571 2537 XlX,
597 2495 665 2530 49:
714 2493 789 2528 καί
815 2490 859 2528 οἱ
884 2491 1077 2539 Χριστὸς
1102 2488 1253 2537 ἔλεξεν
1278 2489 1472 2539 ἀγήνορα
1496 2490 1731 2536 κόμπον
1756 2488 1964 2538 ἐλέγχων,

317 2564 498 2608 codices
539 2566 595 2607 ad
635 2578 770 2607 unum
814 2577 972 2608 omnes
1009 2566 1220 2608 exhibent
1253 2565 1489 2608 lectionem
1521 2573 1764 2618 κόσμον.
1806 2563 2011 2609 Ceterum

317 2636 473 2678 verba:
515 2644 739 2691 κόσμος
776 2643 1010 2692 ἀγήνωρ
1051 2637 1359 2679 tantummodo
1402 2635 1498 2679 Par.
1541 2636 1630 2688 XV,
1672 2636 1729 2679 69
1762 2639 2011 2679 occurrunt.

317 2703 480 2748 Contra
520 2706 704 2761 Juvenis
746 2708 937 2750 correxit
971 2714 1267 2761 κομπονδ).
1299 2704 1505 2756 Quocum
1538 2707 1685 2749 facere
1718 2719 1806 2749 non
1840 2707 2011 2750 dubito.

316 2774 520 2818 Profecto
553 2778 793 2820 obscurum
828 2780 909 2830 est,
942 2778 1093 2832 potius
1125 2777 1337 2832 explicari
1373 2778 1540 2831 nequit,
1570 2778 1800 2831 quomodo
1823 2778 2013 2821 Nonnus

369 2878 395 2924 ¹)
422 2880 531 2916 Pind.
558 2881 669 2927 Pyth.
696 2881 757 2924 IV,
782 2883 863 2917 444.
1217 2879 1245 2925 ⁹)
1273 2880 1332 2918 Cf.
1361 2882 1447 2918 Eur.
1474 2882 1498 2918 1.
1525 2882 1570 2918 T.
1598 2883 1708 2925 12453
1735 2882 1845 2919 Herc.
1863 2883 1908 2919 fr.
1930 2883 2011 2919 376.

367 2936 396 2982 ³)
422 2938 480 2975 Cf.
509 2939 622 2976 Dion.
648 2938 732 2983 XX,
757 2941 847 2977 293:
873 2938 986 2980 σάκος
1010 2937 1274 2983 ἀστερόνωτον.

365 2996 394 3058 ἶ)
421 2997 466 3039 Q.
494 2998 645 3043 Smyrn.
671 2997 770 3042 XlV,
797 3000 877 3035 458.
1215 2996 1244 3042 ⁸)
1267 3000 1325 3046 Jo.
1351 2997 1450 3042 X1X,
1476 3000 1510 3035 8.

365 3054 394 3100 ⁰)
423 3056 610 3102 Lycophr.
637 3058 696 3094 Al.
722 3059 756 3093 5.
1213 3055 1240 3101 ²)
1267 3057 1325 3094 Cf.
1348 3058 1406 3104 Jo.
1431 3056 1531 3101 XlX,
1557 3058 1685 3094 8—11.

365 3113 394 3159 ⁸)
422 3115 459 3150 ln
489 3115 571 3151 Par.
597 3112 740 3159 κόμπος
765 3117 933 3152 occurrit
959 3116 1035 3159 Vll,
1061 3116 1129 3159 88;
1157 3116 1249 3160 Vlll,
1280 3117 1357 3153 162.
