2180 3606
93 1309 143 1350 N.

172 1309 241 1351 64.

1118 176 1196 218 122

307 305 360 347 ad
396 308 585 360 quatuor
618 308 761 349 crucis
794 308 868 348 aut
901 317 1067 348 cornua
1099 307 1173 347 aut
1206 306 1409 359 perticas.
1437 306 1642 348 Fortasse
1671 306 1756 348 huc
1781 306 1996 360 pertineat

354 381 467 417 Dion.
486 382 525 425 ΙΙ,
544 383 634 418 391:
661 384 778 416 πᾶσα
805 379 855 415 δὲ
883 379 1282 426 τετράπλευρος
1308 378 1425 425 ἴτυς
1451 380 1742 425 στυφελίζετο
1767 379 1995 424 κόσμου,

308 448 381 490 ubi
420 450 540 490 rotae
574 448 696 490 orbis
729 448 823 489 sive
857 449 1087 489 curvatura
1121 448 1272 489 mundi
1308 459 1529 490 concussa
1563 447 1841 490 describitur.
1876 447 1995 490 l-laec

306 520 450 560 autem
495 521 725 560 curvatura
768 519 810 559 in
850 519 1039 571 quatuor
1073 519 1219 572 partes
1252 518 1396 561 divisa
1429 521 1495 561 est
1528 517 1775 560 secundum
1810 520 1998 572 quatuor

307 592 535 631 ventorum
571 589 740 644 plagas,
776 591 821 630 ut
855 591 973 643 patet

307 670 568 713 Dion.11,248:
588 667 819 715 τέτραχα
848 667 1191 713 τεμνομένην
1209 668 1525 715 περιβάλλεται
1545 667 1754 714 ἄντυγα
1772 667 1996 712 κόσμου,

476 742 566 778 392;
592 741 667 775 καὶ
692 741 943 787 πίσυρες
972 741 1195 787 Κρονίωνι
1222 739 1600 785 συναιχμάζοντες
1631 737 1779 785 ἀῆτα
1796 752 1811 774 ι

476 812 568 848 393;
595 808 745 857 ἠερίην
772 810 1042 846 σκοτόεσσαν
1069 807 1381 857 ὲπυργώσαντο
1408 812 1574 856 κονίην.

307 883 371 926 De
405 886 594 938 quatuor
626 886 771 926 autem
806 885 1037 927 elementis
1072 885 1223 926 mundi
1248 892 1664 940 τετράπλευρος
1688 883 1821 926 Dion.
1847 883 1889 933 ll,
1913 883 1992 925 391

306 955 391 997 dici
426 955 665 998 verisimile
700 956 816 998 haud
852 957 931 1007 est,
965 956 1023 997 ita
1047 958 1093 997 ut
1115 956 1286 998 verbis:
1319 963 1620 1011 τετράζυγι
1646 962 1834 1009 κόσμῳ
1854 963 1881 1008 ¹)
1906 954 1998 996 vel:

306 1034 593 1082 τετράζυγι
624 1037 808 1082 δεσμῷ
830 1035 871 1080 ²),
906 1027 1072 1080 quibus
1104 1027 1294 1069 vocibus
1319 1026 1470 1068 mundi
1496 1027 1713 1069 elementa
1737 1025 1998 1074 indicantur,

306 1098 550 1152 comparari
594 1099 798 1152 nequeat.
841 1097 983 1139 Multo
1028 1098 1158 1152 igitur
1200 1098 1342 1152 magis
1385 1097 1624 1140 verisimile
1668 1096 1772 1138 mihi
1827 1095 2000 1138 videtur

305 1169 637 1223 paraphrastam
675 1169 729 1211 de
763 1181 850 1211 una
883 1169 1027 1211 crucis
1060 1169 1181 1211 trabe
1216 1169 1338 1222 loqui
1374 1180 1516 1222 eaque
1550 1168 1778 1222 quadrata.

363 1310 462 1352 Non
507 1310 651 1353 solum
696 1309 917 1352 Dominus
959 1310 1038 1352 sed
1075 1311 1202 1352 etiam
1239 1310 1431 1352 latrones
1465 1310 1584 1364 apud
1618 1308 1826 1351 Nonnum
1861 1308 2000 1350 clavis

305 1381 422 1423 cruci
456 1380 574 1423 affixi
609 1383 711 1423 sunt
744 1381 879 1434 idque
913 1392 967 1422 ex
1001 1380 1235 1435 evangelio
1269 1383 1434 1423 certum
1459 1383 1526 1423 est
1558 1380 1613 1422 de
1638 1375 1874 1433 Christo³)‚
1899 1390 1997 1420 cum

305 1452 359 1494 de
402 1452 551 1502 modo,
594 1464 685 1506 quo
728 1452 920 1494 latrones
966 1452 1008 1493 in
1053 1463 1227 1494 crucem
1273 1452 1355 1494 acti
1403 1452 1506 1505 sint,
1539 1453 1694 1493 taceat.
1727 1450 1781 1492 At
1812 1449 2000 1492 Nonnus

305 1523 531 1566 clavorum
576 1523 845 1565 mentionem
888 1522 1005 1573 facit,
1047 1534 1146 1564 curn
1181 1523 1235 1564 de
1270 1522 1516 1564 latronibus
1550 1521 1772 1563 crucifixis
1807 1521 2001 1574 loquitur

352 1604 434 1640 Par.
463 1604 562 1647 XIX,
590 1605 657 1640 98:
707 1601 965 1649 κέντροις
1000 1598 1357 1638 δ’ἁντιτύποισιν
1384 1599 1454 1637 ἐπὶ
1481 1605 1694 1649 σταυροῖο
1730 1599 2000 1645 δεθέντας

587 1675 655 1711 99;
705 1672 999 1718 νυκτιλόχους
1029 1671 1113 1708 δύο
1141 1677 1293 1719 φῶτας
1319 1669 1385 1708 ένὶ
1411 1670 1615 1718 ξὺνωσαν
1641 1670 1835 1718 ὀλέθρῳ.

305 1739 430 1784 Clavi
463 1743 608 1783 autem
643 1741 849 1783 dicuntur
879 1748 1113 1796 κέντρα,
1141 1749 1381 1795 γόμφοι,
1410 1739 1559 1794 ἧλοι.
1588 1747 1905 1795 Κέντρον*)
1933 1741 2000 1781 eSt

307 1812 684 1862 ,‚stimulus'’‚
711 1823 1168 1866 „quaecunque
1201 1824 1299 1854 res
1333 1810 1671 1866 pungens”,
1696 1811 1754 1853 ita
1777 1809 1998 1853 utclavus

305 1894 487 1937 quoque
525 1883 810 1939 significetur,
845 1884 1102 1937 praesertim
1137 1883 1173 1925 si
1207 1883 1306 1925 ferri
1342 1883 1530 1925 laminas
1563 1877 1863 1937 conJungat5).
1897 1878 1998 1931 Quo

304 1953 362 2005 fit,
397 1956 443 1996 ut
475 1954 561 2009 ipsi
596 1954 708 1996 clavi
744 1954 946 1997 dicantur
978 1954 1119 2004 ferrei,
1154 1966 1215 1997 sc.
1250 1960 1505 2010 σιδήρεα
1538 1961 1821 2009 κέντρα·).

364 2032 651 2079 ΓόμφοςἾ
685 2025 906 2081 significat
939 2026 1184 2068 clavum
1218 2028 1335 2067 tam
1370 2026 1653 2080 ligneum
1688 2036 1854 2078 quam
1888 2023 1998 2066 fer-

304 2109 322 2137 r
342 2108 365 2138 e
383 2108 409 2137 u
429 2108 484 2147 m,
519 2099 743 2150 praeterea
767 2108 1091 2150 quamcunque
1126 2108 1229 2147 rem,
1259 2108 1375 2150 quae
1399 2096 1511 2138 duas
1539 2097 1687 2150 partes
1709 2090 1996 2150 conjungit8).

303 2166 357 2208 At
389 2167 547 2222 legitur
579 2168 791 2221 scriptum

351 2247 434 2284 Par.
461 2248 558 2292 XIX,
588 2238 675 2285 1'01:
725 2248 799 2282 καὶ
827 2246 1024 2292 Πιλάτος
1049 2246 1221 2292 θηητὸν
1248 2245 1465 2294 έπέγραφε
1492 2246 1687 2294 μάρτυρι
1713 2245 1920 2292 γόμφῳ

354 2325 441 2361 102:
479 2322 677 2370 γράμμα.
724 2315 867 2370 Vulgo
916 2315 1099 2358 codices
1147 2315 1358 2357 exhibent
1398 2323 1619 2369 γόμφῳ,
1664 2326 1796 2368 quam
1840 2325 1996 2355 vocem

305 2382 560 2440 Stephanus
583 2387 625 2427 in
649 2386 881 2429 Thesauro
900 2386 1001 2428 loco
1021 2386 1200 2428 laudato
1222 2385 1413 2439 explicat
1431 2385 1594 2435 stilum,
1615 2386 1807 2427 ceterum
1827 2384 1995 2426 nullum

306 2456 437 2511 huius
479 2457 820 2512 significationis
863 2456 1117 2511 exemplum
1150 2456 1351 2499 afferens.
1395 2456 1635 2498 Marcellus
1668 2457 1827 2505 autem,
1863 2466 1995 2509 quem

305 2528 444 2569 secuti
487 2530 589 2570 sunt
630 2527 800 2570 Tiedke
844 2530 885 2570 et
927 2526 1201 2578 Scheindler‚
1245 2528 1437 2582 conjecit
1476 2535 1681 2582 δέλτῳ,
1721 2538 1854 2580 quam
1888 2538 1997 2568 con-

304 2598 514 2652 jecturam
557 2599 775 2653 approbo.
819 2598 930 2641 Nam
973 2599 1162 2653 primum
1196 2598 1464 2640 vocabulum
1498 2606 1729 2651 γόμφος
1761 2597 1918 2639 ceteris
1952 2597 1995 2638 in

305 2666 567 2723 Paraphrasi
592 2669 704 2712 locis
727 2670 900 2712 clavum
925 2670 1091 2712 indicat
1106 2666 1162 2723 9);
1187 2669 1349 2711 deinde
1371 2681 1459 2710 vox
1482 2669 1569 2711 stili
1595 2681 1682 2710 non
1706 2668 1995 2717 desideratur,

307 2751 406 2781 curn
440 2739 608 2793 legatur
642 2740 820 2783 duobus
854 2741 1058 2783 versibus
1092 2741 1328 2794 posterius,
1363 2751 1424 2782 sc.

360 2843 385 2882 ¹)
411 2844 492 2880 Par.
520 2844 574 2887 ΙΙΙ,
600 2845 657 2881 82.
833 2843 862 2888 ²)
890 2844 1002 2881 Dion.
1030 2845 1106 2888 Vll,
1131 2845 1164 2881 6.
1314 2842 1342 2888 ³)
1371 2843 1429 2880 Cf.
1452 2844 1508 2890 Jo.
1534 2842 1618 2887 XX,
1643 2844 1712 2887 20;
1738 2844 1806 2886 25;
1832 2844 1887 2879 27.

360 2902 386 2940 Ἰ
414 2902 497 2939 Par.
522 2901 622 2946 XIX,
648 2903 715 2946 29;
742 2904 810 2946 98;
837 2904 1035 2948 praeterea
1061 2903 1117 2947 ΙΙΙ,
1147 2904 1211 2945 16;
1238 2902 1299 2946 Xl,
1326 2903 1393 2946 69;
1423 2903 1482 2938 111
1504 2914 1512 2945 ;
1538 2901 1632 2944 Xlll,
1657 2903 1691 2938 9.

358 2959 386 3002 ⁵)
415 2960 474 2997 Cf.
500 2961 613 3003 Paus.
639 2960 685 3005 X,
715 2963 768 3005 16,
797 2963 827 2998 1.
1010 2961 1039 3006 ⁸)
1069 2962 1152 2999 Par.
1178 2961 1278 3006 XIX,
1303 2963 1370 3006 293
1398 2962 1446 2998 cf.
1472 2962 1540 2997 94:
1566 2960 1736 3008 σιὸηρείῳ
1761 2960 1835 2996 τινὶ
1860 2961 1989 3006 δεσμῷ.

359 3019 386 3063 ⁷)
414 3020 496 3056 Par.
522 3019 622 3064 XlX,
647 3022 716 3064 73;
741 3022 798 3057 95.
1005 3020 1034 3065 ⁵)
1062 3021 1120 3058 Cf.
1147 3021 1283 3067 Polyb.
1308 3020 1402 3064 Xlll,
1428 3022 1461 3064 7,
1485 3021 1518 3056 9.

358 3078 386 3122 ²¹)
414 3078 496 3115 Par.
522 3078 622 3123 X1X,
648 3080 715 3123 73;
741 3080 809 3124 953
836 3080 885 3116 cf.
911 3081 974 3117 76:
1000 3078 1301 3125 γομφοτόμοισιν,
1327 3081 1391 3116 76:
1417 3077 1624 3124 γομφωτόν.
