2180 3606
980 207 1061 250 149

231 333 579 381 ἀλλοφανής
604 356 647 362 —-
674 335 756 372 Par.
783 334 845 378 XI,
875 336 962 378 192;
988 333 1118 377 XVIII,
1146 334 1234 376 1193
1261 331 1373 368 Dion.
1398 331 1422 375 I,
1451 332 1527 367 102.

229 403 571 453 ἀρτιφανής
596 426 639 432 -
666 405 750 442 Par.
777 405 837 449 VI,
862 405 930 448 66;
956 403 1054 447 XVI,
1079 405 1135 440 77.

228 473 618 521 μεσσοφανὴς
644 497 687 502 -
714 475 797 512 Par.
824 476 884 519 VI,
910 477 955 519 7;
980 474 1111 518 XVIII,
1136 475 1204 517 225
1231 473 1344 509 Dion.
1371 473 1394 516 I,
1420 472 1578 516 252311,
1602 472 1683 508 636.

229 544 604 591 νυκτιφανὴς
630 568 673 573 -
700 545 783 582 Par.
810 546 866 589 III,
892 547 936 589 7;
962 544 1046 589 XX,
1071 546 1105 581 4.

228 613 536 661 ὀψιφανής
562 637 606 643 -
633 616 716 653 Par.
742 616 819 659 VII,
844 616 912 659 49;
938 614 1037 659 XVI,
1061 616 1129 659 81;
1155 613 1239 658 XX,
1264 615 1321 650 91.

226 684 570 731 πασιφανὴς
596 707 639 713 -
666 686 750 723 Par.
776 685 856 729 XII,
886 684 986 730 10†.

226 754 627 803 πρωτοφανής
652 777 695 783 -
722 757 805 793 Par.
833 757 873 800 II,
898 754 998 800 55†.

227 825 568 872 τηλεφανὴς
594 848 637 854 -
664 827 747 864 Par.
773 826 872 871 XVI,
897 824 1012 870 23†;
1039 826 1088 862 cf.
1115 825 1187 862 Od.
1214 824 1349 869 XXIV,
1374 825 1431 861 83.

226 893 535 943 ὑψιφανής
560 920 603 925 -
629 898 712 935 Par.
738 896 837 941 XIX,
866 894 992 941 115†;
1020 896 1133 933 Dion.
1161 896 1201 939 II,
1230 896 1319 939 12o;
1344 895 1436 938 438;
1462 893 1623 938 XLVIII,
1647 895 1705 930 78.

168 970 335 1013 Horum
369 972 538 1013 nullum
571 971 704 1013 habet
737 969 956 1012 Homerus
985 969 1070 1011 nisi
1099 967 1236 1010 semel
1270 971 1342 1007 Od.
1361 971 1494 1014 XXIV,
1512 971 1580 1007 83:
1606 965 1855 1014 τηλεφανὴς

166 1041 302 1095 idque
336 1041 379 1082 in
413 1053 464 1083 ea
497 1039 728 1095 Odysseae
762 1041 883 1094 parte
916 1038 1060 1089 XXIV,
1099 1037 1282 1088 1—204‚
1315 1048 1448 1090 quam
1471 1035 1565 1090 jure
1587 1037 1633 1077 ut
1655 1035 1851 1089 spuriam

164 1111 315 1166 rejecit
346 1110 639 1154 Aristarchus.
673 1110 830 1161 Utitur,
864 1111 910 1152 ut
942 1110 1075 1163 patet,
1108 1107 1267 1150 iisdem
1301 1108 1342 1149 et
1374 1105 1597 1148 SImiIibus
1618 1105 1853 1148 vocabulis

166 1183 431 1236 compositis
464 1183 507 1224 in
540 1180 840 1235 Dionysiacis,
873 1182 919 1222 ut

225 1252 250 1301 ἡ
263 1269 297 1300 μ
313 1268 327 1291 ι
342 1268 375 1301 φ
390 1268 417 1290 α
432 1253 529 1300 νης
555 1276 598 1282 -
626 1255 738 1291 Dion.
766 1255 790 1297 1,
818 1255 906 1298 176;
933 1255 1017 1297 cet„
1041 1248 1096 1290 de
1120 1259 1211 1302 quo
1235 1247 1450 1297 conferas,
1466 1257 1650 1300 quaeso,
1667 1245 1715 1288 A.
1735 1246 1853 1288 Lud-

165 1321 296 1373 wich,
340 1320 419 1366 Rh.
461 1320 577 1362 Mus.
615 1319 685 1371 68,
722 1320 737 1360 1
776 1316 955 1372 (1913);
988 1318 1238 1369 Nonniana,
1272 1329 1314 1372 p.
1347 1317 1403 1360 95
1435 1328 1518 1370 sq..
1552 1314 1674 1359 Sicut
1705 1318 1850 1359 autem

163 1397 386 1446 ἡμιφανής
418 1390 660 1446 significat:
695 1390 799 1443 „qui
834 1388 1047 1432 dimidius
1069 1388 1296 1443 apparet'’,
1320 1388 1378 1430 Ita
1410 1392 1730 1440 ἀλλοφανής
1762 1388 1850 1429 est:

167 1462 287 1515 „qui
321 1462 472 1504 alius
505 1459 791 1515 apparet”‚
828 1460 887 1502 ita
919 1462 965 1502 ut
999 1459 1169 1511 „alius”
1196 1459 1313 1502 idem
1337 1459 1394 1501 sit
1414 1460 1546 1512 atque
1582 1457 1850 1509 „alienus,

164 1531 445 1587 ignotus”.
479 1529 612 1582 Quod
646 1532 766 1585 patet
796 1530 958 1586 legenti

208 1624 291 1662 Par.
316 1624 379 1670 XI,
408 1625 496 1661 191:
1299 1619 1540 1665 ἀντίπαλος
1563 1619 1646 1667 γὰρ

411 1696 498 1732 192:
525 1690 813 1739 ἀλλοφανῆ
830 1691 989 1740 βροτὸς
1002 1682 1134 1737 οὗτος
1152 1687 1426 1739 ὑπέρτερα
1451 1689 1667 1736 σήματα
1684 1691 1850 1736 φαίνει.

160 1780 365 1835 Ignorant
394 1779 512 1822 enim
544 1777 793 1833 pontifices,
827 1789 916 1832 qua
947 1779 1166 1833 potestate
1198 1775 1403 1821 Christus
1429 1788 1566 1831 opera
1587 1776 1696 1818 mira
1716 1775 1850 1818 iaciat

160 1861 300 1904 seque
334 1851 535 1905 ignorare
567 1849 842 1900 confitentur,
875 1861 975 1891 cum
1003 1860 1139 1904 opera
1162 1848 1259 1903 eius
1280 1848 1441 1890 vocent
1462 1853 1696 1900 ἀλλοφανη
1720 1850 1849 1902 ὑπὲρ·

159 1941 265 1977 τερα
291 1926 480 1974 σήματα.
513 1918 586 1963 Sic
620 1918 774 1962 Petrus
808 1931 989 1974 quoque
1022 1918 1117 1962 Par.
1150 1918 1290 1970 XVIII,
1327 1918 1409 1960 119
1439 1917 1688 1972 appellatur
1717 1922 1849 1961 ἀλλο-

157 1997 312 2045 φανης,
352 1992 587 2046 propterea
628 1990 751 2045 quod
784 1991 996 2033 ministris
1028 1990 1202 2033 videtur
1233 1989 1414 2032 aliunde
1445 1999 1668 2043 apparens
1700 1998 1846 2042 neque

156 2061 316 2113 sciunt,
350 2062 468 2104 unde
500 2062 570 2104 sit.

214 2218 477 2276 Composita
510 2222 553 2263 in
585 2232 723 2276 -ηλυς,
757 2232 872 2276 quae
906 2221 949 2263 in
983 2220 1245 2275 Paraphrasi
1280 2219 1484 2274 leguntur
1514 2218 1639 2261 sunt:

213 2295 432 2346 ἔπηλυς
465 2323 508 2329 -
543 2302 626 2339 Par.
662 2303 686 2347 I,
719 2303 788 2346 29;
822 2302 884 2346 VI,
921 2303 986 2346 12;
1020 2300 1083 2346 IX,
1107 2302 1173 2344 45;
1207 2299 1291 2344 XX,
1319 2301 1407 2343 1143
1434 2299 1548 2336 Dion.
1573 2298 1614 2342 II,
1640 2299 1729 2342 199;
1753 2298 1846 2342 647;

153 2371 203 2408 cf.
229 2366 437 2416 ἐπήλυσις
463 2371 576 2409 Dion.
602 2373 642 2417 II,
671 2373 747 2409 183.

211 2440 474 2487 κάτηλυς
499 2461 545 2467 —-
571 2443 654 2479 Par.
680 2443 741 2487 IV,
766 2444 858 2487 2173
884 2443 978 2486 VIII,
1003 2443 1072 2486 49;
1098 2442 1212 2478 Dion.
1237 2439 1426 2484 XXXVII,
1450 2441 1507 2476 24.

211 2523 245 2554 μ
260 2509 279 2546 ἐ
293 2522 318 2546 τ
332 2523 358 2556 η
372 2513 399 2547 λ
414 2524 440 2547 υ
454 2524 475 2556 ς
493 2534 536 2539 -
553 2512 636 2549 Par.
651 2513 712 2558 VI,
729 2514 813 2557 106;
828 2514 892 2549 211
908 2525 916 2557 ;
932 2513 1045 2549 Dion.
1061 2513 1106 2556 X,
1120 2513 1183 2547 241
1199 2523 1208 2555 ;
1224 2511 1300 2555 XII,
1315 2511 1403 2554 365;
1418 2509 1547 2553 XVIII,
1564 2509 1647 2553 139;
1666 2509 1773 2553 XLII,
1786 2510 1844 2546 83.

211 2580 425 2627 νέηλυς
449 2604 494 2610 -
521 2583 605 2620 Par.
631 2584 729 2628 XIX,
757 2584 824 2620 119
840 2581 882 2628 †.

211 2648 441 2697 ὅμηλυς
467 2675 508 2680 -
538 2654 622 2690 Par.
650 2655 674 2698 1,
695 2655 761 2697 65;
789 2653 848 2697 IV,
875 2653 1049 2697 234;V1,
1071 2653 1134 2696 59;
1159 2652 1220 2696 XI,
1245 2652 1329 2694 118;
1352 2650 1449 2694 XIX,
1474 2651 1558 2694 1103
1577 2650 1674 2693 XXI,
1695 2651 1756 2694 11;
1781 2651 1842 2694 133

153 2722 267 2759 Dion.
292 2723 332 2766 11,
357 2724 437 2760 416.

211 2789 474 2837 σύνηλυς
499 2815 541 2820 -
569 2793 652 2830 Par.
679 2794 719 2837 II,
745 2794 811 2837 65;
837 2793 931 2837 XIII,
961 2793 1045 2836 136;
1072 2792 1153 2835 XV,
1179 2792 1243 2835 62;
1270 2791 1383 2835 XVII,
1408 2792 1472 2834 75;
1499 2790 1597 2834 XIX,
1625 2791 1709 2834 134;
1738 2791 1815 2827 164.

153 2863 260 2908 Solo
292 2865 515 2908 vocabulo
548 2873 705 2920 νέηλυς
742 2866 875 2907 utitur
907 2864 1126 2906 Homerus
1159 2863 1203 2905 II.
1236 2862 1287 2913 X,
1317 2863 1406 2904 434
1436 2864 1478 2904 et
1499 2862 1598 2912 558,
1622 2862 1677 2904 de
1700 2861 1841 2904 Thra-

153 2936 282 2978 cibus
324 2947 566 2989 eorumque
605 2936 721 2991 regis
755 2934 886 2979 Rhesi
922 2935 1064 2988 equiS.
1099 2932 1244 2977 Semel
1279 2934 1322 2975 in
1356 2932 1618 2987 Paraphrasi
1652 2934 1842 2975 occurrit

150 3018 239 3048 vox
271 3011 550 3059 ἐπηλυσίη,
583 3017 645 3049 sc.
680 3005 775 3048 Par.
807 3004 844 3046 X
876 3002 965 3058 4†,
1000 3005 1054 3046 de
1088 3004 1208 3046 aditu
1242 3004 1373 3046 ovilis
1402 3003 1532 3045 dicta.
1555 3001 1686 3058 Apud
1710 3003 1839 3045 Hom.

152 3077 195 3118 in
229 3076 364 3118 Merc.
398 3075 467 3126 37,
503 3076 545 3117 ἰη
580 3074 678 3119 Cer.
711 3075 797 3117 228
829 3074 1072 3129 significat:
1109 3072 1414 3126 „fascinatio'’.

1908 2219 1960 2263 N.
1987 2220 2059 2264 84.
