2180 3606
143 2248 195 2292 N.
224 2250 294 2292 73.

1171 192 1252 235 134

360 323 553 366 Plurima
594 324 827 378 adJectiva,
871 334 1060 376 quorum
1104 321 1304 364 secunda
1347 332 1449 375 pars
1489 322 1556 363 est
1589 320 1930 371 substantivum,
1965 322 2052 362 tam

359 396 501 437 active
534 407 667 449 quam
701 394 880 448 passive
914 393 1021 434 verti
1057 394 1261 446 possunt.
1296 391 1384 443 Illa,
1413 403 1527 445 quae
1551 392 1655 433 sunt
1678 401 1813 433 voces
1837 391 2053 445 poeticae,

358 466 781 508 circumscribuntur
831 464 969 505 verbo
1025 468 1158 517 ἔχειν,
1213 463 1321 505 haec
1364 463 1501 504 verbo
1546 461 1676 506 εἶναι.
1722 460 2053 503 Tantummodo

359 539 593 598 contextus
624 536 858 578 verborum
893 535 981 577 vim
1014 537 1089 577 aut
1119 535 1308 577 activam
1341 537 1416 577 aut
1449 535 1674 589 passivam
1708 534 1886 576 indicat.
1921 530 2017 575 Sic:

877 612 1013 650 οἴκων
1039 609 1153 661 δ’ἄρ’
1185 611 1447 650 εὐθυδίκων

876 685 1177 730 καλλίπαις
1202 684 1411 729 πότμος
1437 681 1506 719 ἀεὶ
1531 683 1558 729 ¹)

358 759 598 815 significat:
618 759 879 810 „domorum
898 758 1113 813 J'ustarum
1132 769 1230 800 sors
1249 768 1427 812 semper
1443 757 1560 799 filios
1574 756 1786 810 pulchros
1800 753 1975 802 habet'’.
1989 756 2053 797 et:

806 838 1102 885 Περσέφασσα
1127 837 1428 881 καλλίπαις
1453 835 1557 871 θεά
1579 836 1609 881 ²)

358 914 447 956 est:
483 911 797 967 „Persephone
830 911 927 963 dea,
962 923 1077 965 quae
1111 912 1178 953 est
1211 910 1397 965 pulchra
1428 905 1612 963 filia''³).

357 983 588 1026 Praeterea
620 984 664 1025 In
698 982 960 1037 Paraphrasi
995 982 1224 1037 leguntur:

416 1061 753 1109 ἁγλαόπαις
777 1083 824 1088 —-
849 1064 933 1100 Par.
962 1064 1022 1107 IV,
1048 1064 1136 1106 252;
1163 1063 1261 1106 XXI,
1287 1063 1344 1099 91.

357 1137 433 1191 qui
468 1137 613 1180 claros
646 1136 812 1192 pueros
845 1136 1001 1178 habet:
1035 1135 1078 1177 ll.
1112 1135 1170 1177 ll..

416 1215 787 1264 ἀρσενόπαις
811 1237 857 1241 -
883 1217 966 1254 Par.
994 1217 1054 1261 IV,
1080 1214 1179 1260 55†.

357 1291 433 1345 qui
465 1290 584 1333 filios
616 1289 842 1332 masculos
875 1290 1030 1332 habet:
1065 1287 1160 1330 Par.
1194 1287 1259 1337 IV,
1293 1286 1373 1338 25;
1408 1285 1540 1329 Dion.
1573 1284 1675 1338 VIII,
1707 1285 1778 1328 31.

358 1362 434 1416 qui
466 1361 544 1403 filii
579 1372 722 1404 mares
754 1363 876 1403 sunt:
911 1359 1043 1402 Dion.
1078 1358 1122 1410 ΙΙ,
1155 1358 1255 1401 350.

357 1433 402 1475 In
436 1432 722 1487 Dionysiacis
755 1433 1019 1473 occurrunt:

415 1509 700 1557 ez’Juoech‘)
726 1532 771 1536 -
799 1512 912 1548 Dion.
939 1511 1074 1554 XXIV,
1099 1510 1157 1546 86.

357 1587 433 1641 qui
468 1586 615 1628 bonos
646 1585 715 1627 vel
750 1584 915 1627 multos
947 1583 1065 1625 filios
1098 1582 1244 1632 habet,
1278 1583 1353 1624 aut

356 1658 433 1712 qui
467 1657 614 1699 bonus
645 1656 763 1699 filius
797 1657 863 1698 est
896 1678 952 1683 —-
984 1653 1117 1696 Dion.
1153 1652 1225 1695 l.l..

415 1735 710 1782 φιλόπαις
735 1755 781 1760 -—
807 1736 922 1772 Dion.
949 1735 973 1779 I,
1002 1736 1080 1771 130.

357 1811 433 1865 qui
466 1810 601 1852 filiam
634 1811 774 1853 amat:
808 1807 941 1851 Dion.
975 1808 1048 1850 1.1..

415 1891 474 1929 Cf.
500 1889 870 1936 φιλότεκνος
895 1910 941 1914 -
966 1892 1050 1927 Par.
1078 1890 1139 1933 IV,
1164 1890 1252 1932 213;
1279 1889 1359 1925 235.

356 1965 431 2020 qui
465 1964 603 2007 filium
637 1966 776 2006 amat:
811 1963 855 2005 Il.
889 1963 947 2005 ll..

356 2034 400 2078 In
432 2035 561 2078 Novo
594 2034 881 2077 Testamento
916 2034 1073 2076 horum
1106 2031 1427 2075 vocabulorum
1461 2030 1652 2073 occurrIt
1683 2030 1851 2072 tantum

413 2101 783 2149 φιλότεκνος
807 2122 854 2126 -
879 2103 955 2139 Tit.
983 2103 1023 2147 11,
1049 2100 1126 2146 4†.

414 2239 759 2288 Αὐτόγονος
783 2262 830 2267 —
855 2243 939 2279 Par.
967 2242 1007 2286 II,
1032 2242 1182 2285 65;111,
1207 2241 1264 2278 35.

414 2316 603 2359 Nonnus
642 2317 750 2359 mire
784 2315 1027 2358 delectatur
1058 2313 1293 2356 vocabulis
1326 2324 1427 2355 cum
1460 2322 1571 2354 voce
1606 2316 1740 2365 αὐτός
1772 2309 2052 2364 compositis.

356 2387 400 2430 In
434 2386 698 2442 Paraphrasi
733 2386 960 2441 leguntur:

415 2464 789 2513 αὐτάγγελος
814 2487 860 2491 —-
886 2467 970 2503 Par.
997 2466 1080 2510 XX,
1109 2463 1230 2509 127†.

415 2552 443 2574 α
457 2535 484 2574 ὐ
498 2551 523 2574 τ
538 2537 565 2573 ά
579 2551 604 2584 γ
617 2550 642 2586 ρ
657 2549 678 2573 ε
692 2550 716 2572 τ
731 2549 755 2573 ο
769 2550 791 2582 ς
808 2557 855 2561 -—-
873 2538 956 2574 Par.
976 2537 1052 2580 VII,
1074 2538 1158 2579 125;
1178 2536 1223 2580 X,
1240 2536 1306 2579 65;
1325 2535 1423 2578 XIX,
1441 2535 1503 2578 503
1523 2534 1573 2570 cf.
1592 2534 1703 2570 Hom.
1722 2532 1796 2570 od.
1814 2532 1912 2577 XVI,
1933 2533 1999 2569 148
2013 2529 2054 2576 †.

416 2606 794 2654 αὐτοβόητος
819 2628 865 2632 -
891 2609 975 2645 Par.
1002 2608 1062 2652 IV,
1091 2608 1177 2651 1303
1204 2607 1250 2650 V,
1278 2606 1364 2649 143;
1392 2605 1505 2641 Dion.
1533 2605 1557 2648 1,
1583 2605 1664 2641 432.

416 2677 873 2725 αὐτογένεθλος
897 2699 944 2703 -
969 2679 1053 2716 Par.
1080 2679 1104 2722 1,
1129 2679 1194 2721 55;
1222 2677 1282 2721 IV,
1312 2678 1396 2719 109;
1424 2676 1469 2720 V,
1494 2676 1560 2719 69;
1587 2675 1680 2718 VIII,
1708 2676 1793 2718 137;
1820 2674 1913 2718 XIII,
1945 2675 2021 2710 129.

416 2747 523 2786 αὐτ
538 2749 676 2796 dyona
691 2762 750 2795 ος
774 2770 821 2775 -
847 2751 930 2787 Par.
957 2750 998 2794 11,
1022 2751 1087 2793 65;
1114 2749 1169 2792 111,
1195 2749 1259 2792 35;
1287 2748 1401 2784 Dion.
1428 2747 1467 2790 11,
1493 2747 1581 2790 494;
1605 2746 1697 2789 VIII,
1716 2746 1800 2789 103;
1819 2745 1978 2788 XLVIII,
1999 2745 2052 2781 13.

417 2818 874 2866 αὐτοδίδακτος
900 2841 947 2845 --
972 2821 1057 2858 Par.
1084 2821 1108 2865 I,
1137 2821 1226 2864 137;
1254 2819 1294 2863 II,
1323 2819 1412 2862 119;
1439 2818 1499 2861 IV,
1525 2818 1615 2860 242;
1641 2817 1702 2860 VI,
1727 2817 1791 2860 58;
1819 2815 1932 2852 Dion.
1959 2815 2051 2858 VIII,

357 2895 422 2937 293
448 2894 498 2930 cf.
524 2894 635 2930 Hom.
661 2893 734 2930 Od.
761 2893 875 2937 XXII,
900 2894 970 2929 347
985 2890 1024 2936 †.

411 3033 438 3078 ¹)
467 3035 607 3071 Aeseh.
634 3035 770 3080 Agam.
795 3034 948 3078 761sq..
1255 3028 1284 3074 ³)
1312 3029 1372 3067 Cf.
1400 3028 1732 3072 Ktihner-Blass,
1758 3025 1785 3072 ἓ
1811 3027 1892 3071 338,
1917 3028 1951 3063 4.

409 3091 438 3137 ’)
466 3094 552 3129 Eur.
578 3093 643 3130 Or.
668 3094 749 3129 964.
