2180 3606
1011 209 1092 251 139

203 341 395 384 Verbum
429 347 593 396 ἁγιάζω
627 339 784 395 legitur
811 339 876 393 Jo.
910 338 1032 389 XVII,
1070 339 1145 389 17;
1183 339 1258 388 17;
1295 337 1360 388 19,
1410 336 1483 378 ubi
1523 333 1618 376 Par.
1656 332 1778 383 XVII,
1816 331 1893 382 563

202 412 260 455 59
283 413 399 454 idem
423 411 689 454 vocabulum
709 411 878 465 legitur.
903 407 991 452 Sed
1005 409 1070 464 Jo.
1090 408 1140 460 X,
1159 409 1228 459 36,
1247 408 1322 450 ubi
1343 407 1460 449 idem
1478 405 1661 447 verbum
1680 403 1892 457 scriptum

205 485 284 534 eS‘t,
318 483 563 536 explicatur
595 485 677 521 Par.
703 483 749 528 X,
779 485 867 520 129:
1089 479 1141 517 ὃν
1167 477 1407 524 ὑψιμέδων
1432 477 1540 525 πόρε
1565 475 1720 522 κόσμῳ

394 552 481 587 13οῑ
529 549 603 583 καὶ
627 549 828 593 καθαρῆς
853 545 1060 591 παλάμῃς
1085 542 1195 591 ἁγίῳ
1222 544 1524 591 σφρηγὶσσατο
1551 543 1720 586 δεσμῷ.

205 610 411 664 Denique
441 617 497 662 Jo.
523 613 637 655 XVII,
666 613 732 648 19:
759 607 1016 655 ἡγιασμένοι
1043 606 1091 644 ἐν
1117 606 1311 654 ἀληθείᾳ
1348 603 1722 647 circumscribitur

251 679 333 715 Par.
360 680 473 721 XVII,
498 679 567 714 61:
616 675 689 710 καὶ
714 675 911 720 καθαροὶ
937 671 1172 708 τελέθοιεν
1199 669 1413 717 ἀληθείης
1439 668 1656 716 ἁγιασμῷ.

204 738 434 782 Postremo
476 743 671 791 εὐαγής
696 765 742 769 -
768 746 850 781 Par.
886 745 926 788 ii,
951 747 1015 787 71;
1051 745 1111 788 iv,
1136 745 1199 787 91;
1230 745 1314 786 107;
1342 744 1435 786 vni,
1460 744 1524 786 682
1554 743 1640 785 149;
1675 740 1805 785 Xvnl,
1830 742 1895 784 97;

201 808 394 857 εὐαγέως
429 812 528 856 XIV,
554 813 600 848 80
646 807 816 861 legitur.
864 803 1115 860 Significat:
1161 815 1325 855 „sacer,
1375 804 1568 852 sanctus,
1614 801 1893 856 religiosus'’.

202 878 375 920 Dicitur
414 879 468 921 de
510 879 684 920 civitate
728 876 1142 930 Hierosolymitana,
1189 875 1244 916 de
1288 873 1532 923 sacrificiis,
1581 872 1635 914 de
1669 872 1895 923 altaribus,

203 949 257 991 de
292 949 457 991 divinis
490 948 750 998 honoribus,
784 947 839 989 de
873 946 1128 1001 synagogis,
1156 945 1211 986 de
1235 946 1359 986 casto
1383 943 1464 985 Dei
1488 955 1651 985 amore.
1685 941 1752 984 De
1776 942 1896 984 desi—

201 1020 336 1062 deriis
368 1019 604 1073 religiosis,
640 1019 805 1072 quibus
839 1016 977 1058 Filius
1012 1016 1205 1057 hominis
1240 1014 1502 1063 celebratur,
1537 1013 1695 1067 legitur

248 1101 331 1136 Par.
360 1101 450 1144 VIII,
476 1101 545 1136 68:
595 1094 795 1133 ὁππόταν
820 1093 1075 1141 εὐαγέεσσιν
1101 1091 1368 1138 ἀνυψώσητε
1394 1096 1622 1136 μενοιναῖς

474 1171 542 1206 69;
593 1166 839 1215 ἀνθρώπου
865 1165 1008 1211 σοφὸν
1034 1157 1123 1200 υἷα.
1163 1154 1411 1210 Singularis
1447 1155 1577 1209 igitur
1609 1155 1675 1196 est
1707 1153 1895 1196 Nonnus

201 1231 245 1272 in
289 1230 569 1285 explicandis
610 1230 759 1272 verbis
800 1228 1012 1283 Joanneis
1056 1226 1156 1277 VIII,
1200 1226 1278 1268 28:
1320 1231 1430 1269 ὅταν
1456 1229 1664 1277 ὑψώσητε
1690 1232 1769 1268 τὸν
1796 1230 1895 1268 υἱὸν

201 1314 282 1346 τοῦ
309 1308 568 1357 ἀνθρώπου.
601 1299 755 1344 Solent
789 1300 905 1342 enim
940 1298 1151 1352 explicari
1187 1297 1241 1339 de
1275 1295 1439 1339 Christi
1473 1295 1714 1349 supplicio,
1748 1307 1837 1348 quo
1870 1306 1894 1337 a

200 1375 312 1414 terra
355 1373 568 1414 exaltatur
585 1368 630 1425 ¹),
674 1382 762 1412 non
805 1371 950 1411 autem
990 1369 1044 1410 de
1078 1367 1301 1422 religiosis
1335 1366 1606 1415 hominibus,
1642 1365 1716 1419 qni
1750 1364 1892 1407 Deum

200 1443 289 1496 piis
333 1442 568 1484 desideriis
606 1441 772 1483 colunt.
807 1439 975 1482 Tamen
1009 1438 1286 1488 Ammonius,
1319 1435 1643 1478 Alexandrinae
1677 1435 1893 1477 ecclesiae

200 1513 443 1567 presbyter,
478 1514 520 1554 in
545 1512 700 1555 eadem
723 1511 812 1553 fere
836 1522 887 1552 ac
910 1509 1098 1552 Nonnus
1122 1508 1340 1551 sententia
1364 1509 1443 1557 est,
1468 1507 1637 1560 quippe
1661 1506 1736 1559 qui
1761 1506 1895 1548 verba

196 1595 253 1641 Jo.
281 1594 336 1637 III,
366 1595 429 1630 14:
468 1589 713 1636 ὑψωθῆναι
743 1592 817 1626 δεῖ
839 1588 918 1625 τὸν
944 1586 1044 1624 υἱὸν
1069 1591 1151 1623 τοῦ
1178 1585 1427 1634 ἀνθρώπου
1459 1577 1514 1619 Cle
1549 1575 1726 1620 Christo
1759 1576 1895 1631 glori-

198 1654 329 1696 ficato
365 1654 557 1708 explicat
579 1650 627 1707 ²).

201 1724 268 1767 De
309 1737 420 1767 voce
464 1732 625 1777 ςάθεος
667 1723 838 1766 dicetur
881 1734 921 1764 n.
963 1721 1033 1764 88.
1072 1720 1269 1775 Excepta
1304 1720 1385 1761 hae
1418 1730 1543 1769 voce,
1578 1718 1727 1760 omnia
1762 1717 1893 1772 hujus

201 1796 368 1837 numeri
403 1795 623 1837 vocabula
655 1795 698 1836 in
731 1790 794 1836 N‘.
828 1789 891 1835 T¹.
924 1792 1103 1847 scriptis
1136 1792 1385 1833 occurrunt.

260 1931 496 1977 Γνωτός
520 1953 566 1957 -—
592 1934 675 1970 Par.
702 1933 742 1976 II,
767 1934 832 1975 65;
860 1933 935 1976 VII,
960 1932 1001 1975 9;
1027 1932 1091 1975 36;
1117 1931 1178 1973 XI,
1208 1931 1269 1973 10;
1295 1930 1359 1973 67;
1378 1930 1442 1972 79;
1462 1929 1591 1971 XVIII,
1610 1929 1674 1971 723
1694 1927 1791 1970 XXI,
1813 1928 1890 1963 130.

202 2007 277 2060 qui
292 2008 424 2048 notus
437 2005 665 2048 estalicui:
686 2004 780 2046 Par,
794 2003 933 2055 XVIII,
948 2004 1020 2055 72;
1040 2003 1094 2045 ci.
1109 2002 1237 2044 Hom.
1254 2002 1298 2044 ll.
1311 2000 1397 2052 VlI;
1415 2000 1515 2051 401;
1534 1998 1619 2042 Od.
1635 1998 1780 2049 XXIV,
1798 1999 1891 2040 182.

202 2078 440 2131 cognatus:
474 2074 608 2117 Dion.
642 2074 816 2125 XLVIII,
859 2074 952 2125 175,
983 2074 1039 2116 de
1076 2073 1269 2123 BacchO,
1306 2073 1496 2126 cognato
1525 2068 1775 2123 Cupidinis.
1804 2067 1892 2111 Sed

202 2159 298 2189 raro
332 2144 510 2200 Cupido
543 2146 702 2188 dicitur
734 2145 852 2187 iilius
880 2145 1018 2200 Jovis,
1053 2144 1112 2186 ita
1145 2145 1190 2185 ut
1222 2143 1278 2185 sit
1309 2142 1438 2184 frater
1470 2140 1647 2182 Bacchi.

201 2217 343 2268 frater,
377 2228 525 2259 soror:
559 2215 653 2259 Par.
688 2216 732 2267 II,
766 2216 846 2267 65;
879 2215 963 2266 VII,
996 2215 1045 2266 9;
1084 2214 1163 2265 36;
1206 2212 1274 2264 XI,
1313 2212 1387 2263 10;
1419 2211 1498 2261 67;
1532 2210 1610 2261 79;
1644 2208 1750 2259 XXI,
1788 2209 1892 2260 130;

202 2287 334 2330 Dion.
377 2288 420 2339 lI,
463 2288 549 2330 276
592 2288 646 2330 de
690 2286 887 2337 Oceano,
931 2285 1165 2340 Thyphoei
1209 2284 1360 2334 fratre;
1406 2282 1450 2333 ll,
1482 2281 1568 2323 338
1601 2280 1656 2322 de
1689 2278 1891 2337 Saturno,

201 2358 404 2413 Typhoei
442 2358 595 2409 fratre;
635 2357 688 2400 cf.
728 2357 856 2400 Hom.
894 2356 937 2399 Il.
977 2355 1083 2407 XIV,
1114 2355 1213 2403 485,
1247 2353 1335 2405 XV,
1368 2352 1466 2395 336.
1500 2351 1778 2393 Aristarchus
1812 2362 1891 2404 pro

201 2431 321 2471 certo
354 2429 539 2471 affirmat
570 2429 839 2471 vocabulum
871 2434 1038 2482 γνωτός
1070 2426 1190 2480 apud
1221 2424 1474 2473 Homerum,
1499 2421 1649 2476 quoad
1673 2421 1892 2475 significat

203 2500 594 2554 propinquitatem,
617 2511 794 2554 semper
816 2499 933 2541 idem
956 2497 1102 2540 valere
1126 2508 1200 2538 ac:
1228 2494 1397 2546 „fratem
1420 2491 1573 2535 soror’'
1591 2488 1637 2545 ³).
1661 2491 1706 2533 Id
1730 2491 1891 2533 Nonno

204 2570 401 2624 ignotum
435 2582 536 2613 esse
570 2582 658 2612 non
692 2570 849 2624 potuit.

263 2634 633 2683 ἀδελφε(ι)ός
657 2657 703 2662 —
729 2639 812 2675 Par.
838 2639 863 2682 1,
892 2639 980 2680 15Ο;
1008 2637 1068 2679 Vl,
1094 2637 1162 2679 24;
1189 2635 1264 2678 VII,
1290 2635 1358 2676 21;
1385 2633 1446 2676 XI,
1471 2632 1528 2668 76.

202 2709 354 2752 frater:
389 2710 484 2754 Par.
519 2711 562 2753 ll.
597 2711 665 2762 ll.;
697 2710 830 2753 Dion.
866 2709 909 2760 II,
944 2709 1052 2760 3353
1089 2707 1142 2750 cf.
1176 2706 1303 2749 Hom.
1338 2705 1381 2747 Il.
1415 2704 1459 2754 II,
1482 2704 1590 2755 586;
1615 2704 1710 2745 cet..
1733 2702 1891 2745 Forma

202 2780 410 2823 vocabuli
455 2784 521 2824 est
563 2781 811 2824 Homerica.
850 2779 1034 2833 Propria
1067 2779 1134 2820 vis
1167 2780 1233 2820 est
1264 2776 1394 2818 irater
1427 2775 1697 2824 couterinus,
1730 2773 1810 2815 sed
1845 2773 1889 2815 Il.

204 2850 304 2900 XIII,
346 2851 431 2894 695
474 2854 515 2894 et
555 2852 644 2903 XV,
683 2851 770 2894 334
801 2850 919 2892 filius
953 2848 1068 2893 Oilei
1103 2847 1314 2890 naturalis
1349 2847 1406 2888 ita
1438 2848 1633 2887 vocatur.
1665 2848 1888 2898 Ἀόελφός,

258 2973 283 3017 ¹)
311 2973 369 3010 Ci.
392 2974 448 3019 Jo.
476 2974 531 3017 ili,
560 2976 620 3017 14;
649 2974 725 3017 XII,
751 2974 796 3008 22
811 2982 880 3017 sq..

255 3031 282 3067 ³)
311 3032 368 3068 Cf.
384 3031 529 3068 Catena
542 3032 708 3075 Patrum,
721 3029 1131 3076 I.{A.Cramer,Oxonii
1150 3028 1323 3070 18441.l.;
1346 3027 1394 3062 cf.
1410 3027 1451 3062 K.
1465 3027 1617 3070 Kuiper,
1632 3026 1701 3061 o.l.
1720 3036 1754 3070 p.
1764 3026 1834 3062 355
1850 3024 1889 3069 ι).

255 3089 283 3134 ⁸)
310 3091 368 3127 Cf.
394 3089 441 3127 G.
469 3090 644 3134 Dindorf,
671 3090 800 3127 Schol.
826 3097 965 3134 graeca
995 3089 1032 3123 in
1060 3087 1098 3123 11.
1126 3087 1236 3122 Tom.
1263 3086 1303 3129 II,
1330 3086 1421 3122 ll.ll..

1951 1924 2003 1967 N.
2033 1924 2102 1967 76.
