2180 3606
163 1933 220 1993 N.
242 1933 311 1975 59.

1174 208 1255 248 114

498 334 586 369 162:
638 329 805 367 ἄπνοον
831 329 975 377 ἄνδρα
1001 330 1201 371 κάλεσσε,
1229 334 1303 366 καὶ
1330 328 1377 367 έν
1405 332 1698 377 φθιμένοισιν
1724 329 1915 377 ἀκούσας

498 405 586 440 163;
636 400 656 437 έ
671 402 694 447 ξ
712 399 756 437 ”A
773 404 905 446 ἰ’δος
931 401 1115 447 νόστησε
1142 402 1284 448 φυγὰς
1309 400 1436 448 νέκυς
1462 401 1633 447 ὄψιμον
1660 401 1799 448 ἄλλην

499 475 585 511 164:
637 470 838 519 ἀθρήσας
863 473 977 516 μετὰ
1002 470 1145 520 τέρμα
1171 474 1274 518 βίου
1299 472 1624 520 παλινάγρετον
1651 470 1790 520 ἀρχὴν

499 545 586 581 165:
637 543 919 588 θαμβαλέην.
942 538 1133 588 Ἀίδης
1159 543 1210 578 δὲ
1236 542 1382 588 μάτην
1407 544 1524 590 παρὰ
1550 544 1716 589 γείτονι
1744 547 1776 579 Λ
1792 542 1906 590 ηθῃ
1938 545 1964 589 ¹)

500 616 587 651 166:
637 612 946 660 πανδαμάτωρ
974 611 1238 657 ἀδάμαστον
1264 611 1436 658 ε’δὶζετο
1462 613 1620 661 νεκρὸν
1646 611 1824 659 ἀλήτην.

369 699 518 742 Hades
563 700 694 753 igitur
735 699 896 741 Nonno
941 702 1008 742 est
1050 712 1125 742 rex
1158 699 1254 755 ejus
1288 700 1388 751 loci,
1423 712 1513 754 quo
1549 700 1706 741 mortui
1740 700 1860 754 apud
1895 699 2060 742 interos

369 771 611 822 versantur,
650 771 739 812 imo
774 769 868 812 Par.
902 770 970 821 XI,
1003 770 1059 812 22
1093 770 1209 813 idem
1243 771 1340 825 ipse
1365 770 1491 813 locus
1516 773 1582 813 est
1603 772 1736 824 atque
1769 777 2060 826 βέρεθρον.

369 840 486 892 Quin
522 842 650 883 etiam
680 840 774 883 Par.
799 840 867 892 Xl,
896 841 977 884 165
999 853 1067 896 sq.
1098 841 1267 884 Hadem
1292 842 1423 884 deum
1448 842 1672 895 quendam
1697 852 1796 883 esse
1820 841 1888 883 vel
1913 853 2060 896 regem

369 912 488 967 apud
523 912 688 955 inferos
722 913 805 955 late
840 914 1094 968 regnantem
1128 913 1277 954 animo
1305 912 1429 967 fingit
1451 912 1654 964 Nonnus,
1687 912 1894 955 Lethes
1926 912 2061 964 fluvii,

370 984 445 1037 qui
466 995 544 1038 per
562 983 658 1038 eJ‘us
678 995 859 1038 regnum
878 984 984 1034 fluit,
1005 995 1093 1025 non
1114 980 1402 1038 immem0r2).
1422 982 1571 1037 ltaque
1589 984 1782 1026 servavit
1805 984 2061 1026 memoriam

369 1057 501 1109 atque
525 1055 763 1109 imaginem
788 1054 1025 1097 inferorum
1049 1054 1238 1097 Nonnus
1257 1055 1539 1106 christianus,
1559 1054 1677 1108 quali
1703 1054 1907 1097 ethnicus
1924 1054 2064 1097 fuerat

370 1126 580 1168 imbutus.
622 1124 798 1177 Verum,
843 1127 985 1167 utrum
1030 1125 1195 1168 inferos
1238 1137 1388 1167 revera
1430 1125 1541 1168 tales
1583 1136 1682 1168 esse
1716 1125 1976 1180 cogitaverit
2007 1136 2062 1167 an

370 1208 490 1239 more
534 1198 763 1251 poetarum
807 1198 976 1239 tantum
1009 1197 1121 1239 tales
1154 1207 1253 1239 esse
1287 1197 1472 1248 finxerit,
1506 1195 1750 1251 diiudicare
1784 1208 1872 1238 non
1906 1196 2063 1238 ausim.

428 1276 583 1313 Αἰών
616 1269 659 1310 in
693 1267 955 1323 Paraphrasi
991 1270 1361 1311 commemoratur

417 1350 490 1387 Par
515 1350 575 1394 Vl,
605 1351 694 1387 178:
1311 1344 1393 1393 ἕως
1419 1350 1625 1393 δολιχοῖο
1651 1348 1826 1393 γενείου

608 1421 696 1457 179:
747 1416 1010 1464 ἀμφιλαφὴς
1034 1421 1212 1464 πολιῇσι
1238 1417 1380 1464 κόμην
1407 1419 1690 1454 λευκαίνεται
1717 1417 1884 1454 Λίών.

371 1492 452 1535 His
493 1493 700 1535 versibus
739 1492 908 1535 Aevum
952 1492 1129 1548 tingitur
1171 1504 1271 1535 esse
1313 1504 1451 1535 senex
1493 1493 1618 1534 canis
1660 1492 1837 1546 capillis
1879 1495 1921 1534 et
1953 1493 2065 1534 bene

372 1564 597 1606 barbatus.
632 1562 705 1607 Sic
740 1564 897 1618 legitur

421 1645 533 1682 Dion.
560 1645 636 1688 Vll,
662 1647 705 1681 9:
756 1645 830 1679 καὶ
857 1645 925 1678 Διὶ
951 1644 1260 1687 παμμεδέοντι
1287 1643 1561 1689 δυηπαθέων
1585 1641 1711 1688 γένος
1737 1640 1917 1690 ἀνδρῶν

639 1718 702 1753 10;
755 1712 962 1762 ἄμμορον
989 1712 1266 1762 εὐφροσύνης
1296 1712 1552 1751 ἐπεδείκνυε
1582 1712 1832 1761 σύντροφος
1858 1713 2002 1750 Αἰών
2024 1713 2067 1759 ⁸).

373 1787 544 1833 Ceteris
576 1789 702 1839 locis,
737 1789 812 1832 ubi
846 1801 934 1831 vox
967 1796 1103 1834 αἰών
1136 1789 1339 1840 occurrit,
1374 1801 1536 1831 nomen
1571 1789 1799 1843 proprium
1831 1800 1919 1830 non
1944 1786 2067 1842 est4).

434 1929 532 1981 Qua
565 1932 637 1974 die
671 1929 876 1974 Christus
909 1931 1234 1973 condemnatus
1267 1933 1309 1973 et
1341 1930 1579 1973 crucifixus
1612 1930 1682 1981 sit,
1716 1930 1831 1972 clare
1865 1930 2070 1985 designat

374 2002 562 2045 Nonnus
592 2003 663 2045 his
695 2002 924 2045 versibus:

421 2084 503 2121 Par.
532 2069 630 2128 XlX,
655 2084 723 2120 66:
774 2078 896 2127 ἕκτη
928 2078 985 2123 δ’,
1011 2079 1064 2127 ἣν
1090 2079 1310 2123 ἐνέπουσι,
1337 2081 1724 2129 προσάββατος
1751 2077 1929 2128 ἔτρεχεν
1954 2078 2068 2127 ἠώς,

633 2156 724 2191 225;
775 2150 873 2188 ὅττι
898 2148 996 2199 παρ’
1023 2148 1267 2200 Ἐβραὶοισι
1293 2152 1636 2198 φυλασσομένης
1662 2150 1835 2199 δρόμον
1861 2148 1976 2199 ὥρης

633 2226 724 2262 226:
774 2224 953 2269 γείτονα
967 2221 1107 2259 νύκτα
1122 2222 1322 2271 φέρουσα
1344 2222 1590 2271 προσάββ
1603 2235 1699 2259 ατο
1712 2236 1732 2268 ς
1758 2219 1936 2270 ἔτρεχεν
1953 2220 2069 2268 ἠώς.

376 2299 569 2342 Primum
605 2299 722 2341 enim
757 2300 881 2340 sexta
904 2298 1203 2340 hebdomadis
1233 2299 1330 2341 dies
1352 2298 1446 2350 fuit,
1481 2298 1507 2340 i.
1527 2309 1563 2340 e.
1598 2298 1709 2349 dies,
1734 2298 1809 2351 qui
1834 2297 2068 2339 sabbatum

376 2369 614 2426 praecedit,
648 2389 678 2413 π
691 2390 717 2425 ρ
731 2389 755 2413 ο
770 2385 798 2412 σ
810 2375 837 2412 ά
852 2378 879 2422 β
894 2378 920 2422 β
935 2390 962 2411 α
977 2389 1001 2411 τ
1016 2389 1040 2412 0
1055 2389 1088 2421 ς.
1116 2381 1154 2412 Σ
1166 2376 1193 2412 ά
1208 2379 1235 2422 β
1249 2379 1276 2422 β
1291 2390 1318 2412 α
1333 2389 1358 2412 τ
1372 2389 1397 2413 o
1411 2390 1436 2413 ν
1469 2380 1651 2423 quoque
1684 2368 1923 2422 aliquoties
1951 2367 2068 2409 diem

375 2442 613 2497 septimum
647 2439 857 2494 appellat,
890 2441 935 2481 ut

375 2523 458 2560 Par.
473 2523 571 2566 XIX,
589 2523 676 2558 167:
702 2518 763 2564 μὴ
787 2520 862 2554 καὶ
888 2515 959 2554 ἐπὶ
985 2523 1199 2565 σταυροῖο
1225 2518 1447 2565 πεπηγότα
1473 2518 1660 2563 σώματα
1685 2519 1839 2564 μίμνῃ,

590 2593 678 2629 168:
705 2587 768 2636 ἕβ
783 2592 812 2625 δ
826 2602 850 2626 ο
865 2603 898 2634 μ
912 2601 936 2625 ο
951 2602 976 2626 ν
1002 2572 1167 2625 ὁππότε
1194 2602 1226 2635 φ
1241 2588 1261 2625 έ
1275 2602 1300 2635 γ
1312 2602 1337 2635 γ
1351 2602 1376 2625 ο
1390 2603 1410 2634 ς
1433 2587 1712 2635 έλεὺσεταΰ),
1729 2590 2000 2646 ubiJ0‚X1X‚
2013 2592 2062 2634 31

376 2667 531 2710 habet:
555 2672 610 2711 ἐν
635 2677 706 2720 τῷ
733 2671 1005 2719 σαββάτῳ.
1029 2662 1259 2706 Praeterea
1282 2664 1572 2718 paraphrasta
1596 2663 1711 2705 diem
1736 2662 1910 2705 sabbati
1934 2662 2068 2712 illam,

429 2818 455 2862 ¹)
484 2819 522 2855 ln
549 2818 633 2855 Par.
659 2815 699 2861 †.
1208 2814 1235 2859 ²)
1263 2814 1321 2852 Cf.
1350 2816 1392 2851 K.
1420 2816 1573 2860 Kuiper,
1600 2825 1634 2851 o.
1651 2815 1686 2859 l.,
1712 2825 1748 2860 p.
1774 2815 1844 2851 378
1858 2824 1927 2858 sq..

428 2877 455 2920 ²³)
484 2877 543 2914 Cf.
570 2877 615 2919 Q.
643 2876 793 2921 Smyrn.
821 2875 897 2919 ΧΠ,
928 2876 1016 2918 194;
1043 2874 1155 2911 Philo
1182 2874 1280 2910 Bibl.
1307 2884 1367 2919 ap.
1395 2874 1485 2910 Eus.
1513 2873 1646 2918 Praep.
1673 2883 1732 2910 ev.
1755 2874 1778 2917 l,
1800 2874 1861 2916 10;
1887 2872 2069 2916 Roscher,

376 2947 446 2974 s.v.
472 2936 579 2979 Αἰών,
606 2936 655 2972 cf.
683 2935 725 2971 K.
753 2935 906 2979 Kuiper,
933 2935 1019 2977 o.l.,
1045 2944 1081 2979 p.
1107 2934 1171 2969 351
1195 2931 1235 2977 ¹).

427 2994 457 3040 ⁴)
484 2995 543 3032 Cf.
570 2995 653 3031 Par.
680 2995 705 3038 1,
734 2994 794 3030 191
825 2995 909 3030 cet..

428 3053 457 3099 ⁶)
485 3054 543 3091 Cf.
578 3054 661 3090 Par.
696 3053 772 3096 Vll,
805 3053 875 3096 84;
911 3052 971 3095 IX,
1005 3052 1072 3095 70;
1102 3052 1170 3095 80;
1205 3053 1404 3096 praeterea
1430 3061 1506 3088 vox
1533 3049 1720 3096 σάββατον
1747 3051 1889 3096 legitur
1914 3049 1997 3086 Par.
2024 3049 2068 3092 V,

376 3113 642 3158 35;59;V11,
668 3114 738 3156 90;
764 3112 847 3156 XX,
876 3113 906 3148 1.
