2180 3606
953 184 1003 225 41

139 311 223 348 Par.
240 311 333 355 XIII,
348 312 415 347 24:
464 308 655 357 Χριστὸς
680 305 767 344 ἑῶν
793 305 964 355 ἑτάρων
990 309 1168 354 φιλίους
1192 308 1333 354 πόδας
1358 306 1521 356 ἤρξατο
1545 310 1717 345 νίπτειν

348 383 416 418 25:
466 380 675 415 λοίσθιον
701 375 749 413 ἐκ
773 377 953 425 πρώτου
977 377 1306 424 μετανεύμενος
1332 377 1471 414 ἄλλον
1497 375 1559 414 ἐπ’
1590 377 1727 426 ἄλλῳ·

348 452 416 488 26:
467 447 713 496 ἀρχόμενος
738 449 942 494 Σίμωνος
967 446 1049 494 ἕως
1075 448 1212 485 ι’δίοιο
1239 454 1416 495 φονῆος·

347 523 415 558 27;
464 517 747 567 πρεσβυτέρῳ
772 518 945 562 Σίμωνι
970 522 1214 566 παρίστατο
1239 521 1313 555 καὶ
1338 519 1480 565 πόδας
1505 516 1645 555 αὐτοῦ

348 593 415 628 28:
466 587 748 636 ἀμφοτέρους
771 588 1019 636 κρατέεσκε.

137 657 181 699 In
215 658 298 700 hac
332 658 577 699 narratione
610 657 1048 699 animadvertendum
1083 660 1148 700 est
1186 659 1229 699 1:
1262 658 1469 700 Nonnum
1493 660 1607 700 stare
1630 669 1729 699 cum
1754 657 1822 707 iis,

137 729 213 782 qui
257 726 480 771 Christum
523 728 710 781 primum
748 727 803 769 ad
837 726 1011 769 Petrum
1044 730 1292 771 accessisse
1325 731 1565 780 autumant,
1599 740 1688 770 non
1722 739 1822 770 curn

137 799 206 850 iis,
254 799 328 852 qui
378 799 628 840 existimant
671 797 784 839 Petri
830 798 969 852 pedes
1003 801 1227 852 postremo
1262 799 1378 841 lotos
1411 811 1510 841 esse
1544 810 1688 852 neque
1722 810 1822 840 curn

137 869 205 920 iis,
240 869 315 922 qui
350 867 573 911 Christum
608 869 795 922 primurn
825 868 964 922 Judae
998 869 1137 922 pedes
1171 869 1334 910 lavisse
1365 872 1519 923 putant
1541 870 1620 912 sed
1644 869 1822 920 ultimo;

135 939 176 980 2:
218 950 318 980 eum
352 940 406 981 de
439 938 568 980 Petro
601 939 856 993 scripsisse:
889 947 1174 994 πρεσβυτέρῳ
1205 948 1390 991 Σίμωνι.
1424 938 1496 982 Sic
1529 939 1822 994 Augustinus:

137 1006 356 1059 „Quando
399 1008 546 1064 ergo'’‚
582 1009 739 1062 inquit,
775 1009 942 1063 „pedes
975 1009 1297 1063 discipulorum
1332 1009 1477 1052 lavare
1510 1011 1670 1064 coepit,
1703 1011 1824 1052 venit

135 1079 190 1121 ad
224 1091 338 1131 eum,
367 1091 392 1121 a
428 1091 517 1133 quo
551 1080 713 1133 coepit,
747 1079 790 1121 id
822 1082 899 1130 est,
933 1080 988 1121 ad
1023 1079 1225 1122 Petrum''
1247 1077 1293 1133 ¹).
1328 1079 1449 1122 Facit
1483 1081 1613 1134 igitur
1635 1081 1824 1123 Nonnus

135 1161 234 1191 cum
268 1162 427 1204 graeco
461 1151 655 1204 quodam
689 1153 882 1201 auctore,
916 1151 991 1204 qui
1027 1152 1069 1192 in
1094 1151 1247 1192 eadem
1271 1154 1405 1204 atque
1428 1150 1702 1206 Augustinus
1721 1163 1823 1194 sen-

133 1220 268 1262 tentia
301 1223 380 1263 est.
413 1220 583 1263 Etenim
615 1222 761 1275 ipsum
794 1221 1088 1276 Augustinum
1124 1233 1211 1263 non
1247 1221 1364 1275 legit,
1400 1221 1501 1263 ideo
1535 1222 1657 1275 quod
1691 1222 1823 1264 latine

135 1291 293 1333 nesciit
320 1288 366 1345 2).
414 1290 467 1333 At
513 1290 860 1346 ChrySOStomUS
909 1292 1035 1333 dicit:
1086 1296 1227 1345 ,,Ἐμοὶ
1257 1300 1308 1336 δὲ
1340 1302 1467 1336 δοκεῖ
1489 1305 1570 1336 τοῦ
1596 1301 1825 1348 προδότου

132 1369 312 1417 πρώτου
338 1370 467 1413 νίψαι
492 1370 597 1416 τοὺς
621 1370 776 1416 πόδας,
803 1368 851 1406 ἐκ
877 1375 958 1407 τοῦ
983 1370 1137 1412 εἰπεῖν,
1155 1368 1347 1418 ’Ἠρξατο
1374 1371 1544 1407 νίπτειν
1562 1370 1666 1417 τοὺς
1683 1371 1824 1417 πόδας

133 1444 225 1476 τῶν
248 1443 484 1486 μαθητῶν,
511 1443 586 1477 καὶ
614 1439 861 1487 ἐπαγαγεῖν,
877 1439 1086 1487 ’Ἐρχεται
1111 1441 1219 1489 πρὸς
1245 1441 1429 1486 Σίμωνα
1456 1441 1654 1489 Πέτρον”
1677 1441 1720 1487 ⁸).

192 1499 324 1551 Quod
372 1504 525 1545 attinet
570 1504 626 1545 ad
673 1516 829 1545 vocem
876 1510 1301 1560 πρεσβύτερος,
1337 1504 1444 1545 haec
1476 1504 1697 1558 significat
1728 1504 1822 1546 vel:

137 1573 346 1628 „major
386 1574 557 1626 natu”,
591 1575 685 1616 vel:
727 1575 954 1629 ‚,prior”,
988 1575 1083 1617 vel:
1120 1574 1586 1625 „venerabilior'‘.
1621 1573 1824 1617 Occurrit

134 1644 177 1684 in
211 1642 472 1698 Paraphrasi
507 1645 533 1695 1,
568 1645 622 1695 7;
666 1645 774 1696 166;
809 1645 873 1696 IV,
906 1645 992 1687 253
1023 1648 1065 1687 et
1089 1645 1189 1687 loco
1212 1645 1404 1687 laudato,
1429 1642 1516 1687 Sed
1541 1644 1822 1687 manifestum

133 1716 199 1757 est
229 1715 496 1758 vocabulum
519 1724 816 1772 πρεσβύτερος
837 1716 977 1758 tribus
1002 1716 1223 1769 prioribus
1248 1716 1360 1757 locis
1381 1716 1526 1758 valere
1552 1714 1740 1769 ‚,prior'’‚
1760 1726 1822 1757 sc.

178 1795 261 1833 Par.
288 1797 310 1840 l,
336 1798 380 1833 5:
672 1783 681 1793 ⁸
738 1792 781 1841 (ὁ
808 1794 953 1841 λόγος)
981 1785 1113 1840 οὗτος
1141 1790 1211 1830 ἀπ’
1242 1792 1378 1841 ἀρχῆς

339 1868 383 1903 6:
434 1863 580 1912 ἀενάῳ
607 1865 861 1910 συνὲλαμπε
887 1868 996 1912 θεῷ,
1024 1863 1262 1910 τεχνήμονι
1287 1864 1475 1908 κόσμου,

337 1939 383 1975 7:
431 1935 847 1984 πρεσβύτερος
886 1936 1171 1980 κόσμοι-0,·
1205 1927 1368 1970 deinde

131 2019 214 2056 Par.
242 2020 266 2064 1,
294 2021 382 2056 165:
739 2017 1092 2064 ἐπωνυμίην
1131 2018 1183 2054 δὲ
1220 2016 1416 2061 καλύψει

133 2090 221 2127 166;
259 2088 682 2137 πρεσβυτέρην
709 2091 914 2135 Σίμωνος
939 2085 1282 2137 ὑπέρτερον
1303 2089 1332 2135 ⁴)
1363 2085 1597 2133 οὕνομα
1624 2087 1826 2136 Πέτρους

130 2152 221 2192 ‘tum
246 2157 327 2193 Par.
346 2158 406 2201 lv,
425 2160 513 2194 253:
531 2155 911 2204 πρεσβύτερον
936 2157 1059 2200 μετὰ
1085 2158 1256 2200 θαῦμα
1279 2155 1565 2203 φιλακρῆτων
1583 2152 1823 2200 ὑμεναίων,

131 2231 221 2274 quo
263 2220 452 2263 duorum
494 2233 680 2275 operum
723 2221 990 2264 mirabilium
1034 2233 1059 2263 a
1102 2219 1279 2264 Christo
1314 2219 1463 2263 Canae
1496 2221 1726 2271 factorum,
1762 2232 1824 2262 sc.

130 2302 273 2345 aquae
307 2292 350 2333 in
384 2292 535 2333 vinum
569 2304 811 2335 conversae
846 2295 887 2334 et
918 2293 995 2334 filii
1028 2305 1110 2336 τοῦ
1128 2303 1364 2346 βασιλικοῦ
1398 2293 1554 2343 sanati,
1583 2291 1692 2333 illud
1715 2294 1826 2334 tem-

131 2373 239 2416 pore
272 2363 574 2416 praecessisse
606 2363 804 2405 affirmat.
839 2362 1068 2405 Praeterea
1101 2364 1217 2405 idem
1252 2363 1473 2418 significat

131 2436 244 2473 Dion.
270 2437 429 2481 XLVlll,
456 2438 523 2473 28:
553 2439 666 2471 Γαῖα
690 2436 953 2482 χολωομένη
979 2435 1203 2481 διδύμους
1228 2435 1406 2484 θώρηξε
1433 2440 1614 2481 φονῆας,

455 2509 524 2545 29;
551 2519 581 2542 π
595 2520 620 2554 ρ
634 2519 655 2542 ε
669 2509 735 2552 σβ
753 2520 779 2542 υ
794 2520 817 2542 τ
833 2503 852 2541 εἷ
867 2520 892 2555 ρ
906 2520 931 2543 ο
946 2521 1004 2553 υς
1033 2510 1219 2553 Τιτῆνας
1244 2505 1315 2543 ἐπὶ
1340 2506 1540 2554 προτέρῳ
1566 2504 1780 2553 Διονύσῳ,

455 2581 523 2616 3οε
551 2575 850 2626 ὀπλοτεῖρο
866 2591 926 2624 υς
952 2578 1004 2614 δὲ
1031 2580 1248 2624 Γίγαντας
1275 2574 1334 2613 ἐπ’
1364 2575 1564 2625 ὀψιγόνῳ
1590 2577 1804 2625 Διονύσῳ.

186 2718 212 2763 ¹)
239 2721 290 2756 M.
317 2720 357 2756 Ρ.
384 2721 422 2756 L.
448 2720 604 2765 XXXV,
636 2723 737 2758 1788.
910 2720 939 2766 ²)
966 2722 1024 2759 Cf.
1052 2734 1087 2758 n.
1113 2723 1169 2758 56.
1351 2719 1380 2765 ¹³)
1408 2722 1460 2757 M.
1487 2721 1526 2757 Ρ.
1554 2720 1599 2758 G.
1626 2720 1718 2764 LIX,
1744 2722 1826 2757 383.

181 2777 211 2823 4)
240 2779 334 2815 Voci
369 2777 570 2823 ὑπέρτερος
602 2781 765 2816 Nonnus
791 2782 853 2816 hic
879 2782 1047 2817 tribuere
1078 2783 1230 2816 videtur
1258 2782 1359 2815 vim:
1388 2781 1598 2825 „superior,
1625 2780 1826 2824 nobilior”,

132 2847 246 2881 quam
274 2838 311 2873 in
340 2837 567 2883 Parapbrasi
596 2840 649 2874 iili
677 2849 829 2884 semper
855 2840 1000 2882 tribuit,
1028 2842 1068 2874 ut

296 2897 378 2933 Par.
406 2898 449 2941 V,
479 2899 538 2933 141
560 2910 568 2934 :
595 2897 744 2941 μείζονα
770 2896 974 2942 μαρτυρίην
1000 2896 1156 2941 μεθέπω
1183 2897 1246 2931 καὶ
1271 2895 1476 2941 ὑπέρτερον
1504 2896 1654 2942 ὀμφήν;

132 2955 181 2991 cf.
208 2955 290 2992 Par.
318 2956 359 2994 11,
386 2957 432 2992 53
457 2958 504 2992 de
531 2958 623 2992 vino
650 2958 838 3000 mirabili3
864 2956 963 3001 XIV,
990 2958 1036 2993 52
1061 2960 1108 2992 de
1127 2957 1243 2992 factis
1263 2958 1575 2993 mirabilioribus.
1602 2957 1688 2992 Non
1709 2957 1829 3002 igitur

132 3015 215 3049 haec
241 3024 319 3049 vox
345 3014 564 3060 significat:
592 3016 775 3059 „junior'',
802 3016 903 3050 sicut
929 3018 1081 3051 veteres
1107 3015 1207 3050 falso
1234 3017 1471 3060 interpretati
1500 3019 1591 3052 sunt

134 3073 171 3108 11.
205 3071 268 3117 XI,
300 3074 370 3109 786
403 3083 484 3118 sq.:
520 3079 627 3119 γενεῇ
662 3072 728 3118 μὲν
762 3072 964 3118 ὑπέρτερός
992 3073 1088 3108 ἐστιν
1114 3071 1282 3119 Ἀχιλεὺς,
1307 3073 1577 3119 Ιπρεσβύτερος
1603 3071 1643 3108 δὲ
1669 3073 1712 3107 σύ
1739 3066 1825 3107 ἐσσι.
