2180 3606
930 175 987 216 47

116 305 191 359 qui
233 315 312 347 eos
349 304 567 346 delendos
600 314 699 345 esse
733 304 896 344 censet.
931 300 1020 344 Sed
1053 301 1237 343 athetesi
1270 300 1384 342 facta
1415 311 1622 342 versuum
1659 299 1798 342 107—

118 374 212 426 108,
255 386 412 417 versus
455 374 659 416 laudatos
706 373 934 414 116—117
978 383 1129 414 eorum
1173 372 1273 414 loco
1311 372 1414 425 post
1447 382 1486 412 v.
1525 370 1606 412 106
1638 370 1800 412 insero.

115 442 188 487 Sic
221 444 352 499 igitur
385 445 509 498 lego:

304 548 391 584 105:
440 544 584 581 πάντα
611 543 665 580 σὺ
690 542 930 589 γινώσκεις,
959 541 1041 579 ὅσα
1066 541 1283 588 μήδομαι,
1311 540 1482 590 ὄρχαμε
1507 541 1692 587 κόσμου,

304 618 392 654 106;
440 617 515 651 καὶ
541 613 679 659 νοέεις
706 612 944 649 ιἰτίνακτον
970 609 1075 658 ἐμῆς
1100 616 1337 659 φιλοτῆτος
1362 610 1488 658 ὀχῆα.

304 689 392 724 116:
440 689 514 722 καὶ
541 686 697 731 σοφίης
720 683 943 730 πλήθοντι
969 683 1078 729 θεὸς
1102 683 1237 720 πάλιν
1263 680 1416 720 ἔννεπε
1444 684 1623 731 Πέτρῳὶ,

302 759 390 795 117;
441 754 576 804 ἄρνας
600 753 735 800 ἐμοὺς
759 756 969 799 ποίμαινε
996 753 1250 802 σαόφρονας
1277 752 1444 790 ἄνθεσι
1470 755 1654 799 βίβλων.

302 829 389 864 109:
437 827 656 874 κουρίζων
680 822 759 867 ἔτι,
790 825 945 872 Πέτρε,
972 825 1075 871 τεὴν
1101 822 1322 869 ἑζώννυσο
1351 825 1514 871 μίτρην
1543 827 1628 862 cet..

114 921 187 966 Sic
230 923 379 965 omnia
419 922 535 964 clara
571 924 687 965 sunt.
723 921 916 964 Primum
951 922 1068 963 enim
1101 923 1223 963 terna
1255 919 1369 962 Petri
1400 921 1556 963 missio
1590 921 1803 962 servatur.

113 993 287 1035 Deinde
329 993 515 1048 singulis
554 993 694 1035 tribus
739 992 959 1034 mandatis
997 992 1158 1034 diserte
1193 990 1412 1033 indicatur
1445 1002 1586 1045 agnos
1620 992 1662 1032 et
1694 1001 1805 1032 oves

112 1064 298 1106 abusive
332 1064 419 1106 dici
453 1064 508 1106 de
540 1063 813 1114 hominibus,
846 1065 892 1104 ut
924 1064 1043 1117 patet
1074 1062 1285 1103 vocibus:
1318 1073 1359 1103 v.
1382 1061 1462 1103 89:
1497 1066 1804 1115 ἕμφρονας;

113 1147 154 1176 V.
186 1134 266 1176 98:
299 1141 572 1188 νοημονα,·
604 1146 644 1175 V.
682 1134 785 1175 117:
819 1140 1130 1188 σαόφρονα;
1156 1131 1200 1173 id
1231 1132 1319 1186 jam
1353 1133 1456 1185 pOSt
1478 1132 1662 1185 primam
1687 1129 1801 1173 petri

114 1205 374 1247 missionem
407 1206 557 1259 aperte
589 1204 776 1246 Nonnus
810 1203 1061 1254 declaravit,
1086 1215 1185 1245 curn
1210 1202 1489 1257 evangelium
1512 1201 1711 1243 dilatavit
1734 1201 1805 1243 his

113 1276 286 1318 verbis:

159 1350 243 1387 Par.
269 1350 367 1393 XXI,
393 1351 460 1386 94:
510 1344 855 1395 ἀνδρομεής
893 1345 1109 1392 ιἰγελης
1143 1343 1295 1391 ἁλιεὺς
1320 1343 1572 1391 ἐφθέγξατο
1599 1345 1768 1388 Σίμων,

113 1429 229 1471 quae
261 1429 284 1459 e
316 1417 564 1471 synopticis
597 1417 800 1470 sumpsit,
834 1416 954 1470 apud
987 1426 1103 1468 quos
1135 1414 1348 1468 scriptum
1381 1414 1472 1455 est:
1498 1418 1668 1466 ποιήσω
1689 1416 1806 1464 ὑμᾶς

112 1496 358 1542 (γενέσθαι)
385 1493 529 1541 ἁλεεῖς
555 1493 810 1542 ἀνθρώπων
834 1495 875 1540 ¹).
921 1486 1035 1528 Tum
1083 1498 1124 1528 V.
1171 1485 1274 1527 116:
1321 1494 1411 1529 καὶ
1449 1493 1648 1537 σοφίης
1685 1488 1807 1536 πλη·

112 1567 279 1602 θοντι
313 1559 480 1612 optime
511 1557 697 1611 quadrat
728 1556 950 1599 vocabulo
982 1563 1227 1609 πινυτός,
1262 1554 1316 1597 de
1350 1554 1478 1596 Petro
1512 1566 1551 1596 v.
1575 1554 1631 1596 97
1659 1553 1803 1604 dicto;

113 1630 264 1671 contra
295 1640 335 1671 v.
364 1628 465 1670 107:
505 1628 603 1672 οἷον
629 1632 745 1681 ἔχων
771 1635 913 1681 φιλέω
939 1644 987 1671 σε
1019 1638 1165 1669 sermo
1199 1628 1266 1668 est
1296 1625 1443 1668 tenuis
1476 1627 1518 1667 et
1551 1623 1805 1679 languidus,

113 1699 188 1752 qui
223 1699 401 1741 minime
435 1699 710 1741 desideratur
732 1699 787 1740 ad
811 1698 1103 1752 integritatem
1127 1697 1359 1739 sermonis.
1393 1696 1578 1738 Necnon
1602 1695 1805 1737 animad-

112 1771 370 1812 vertendum
404 1773 470 1813 est
500 1782 658 1812 vocem
690 1771 799 1817 θεὸς
831 1771 1018 1822 utroque
1052 1780 1181 1811 versu
1208 1768 1289 1810 107
1313 1770 1354 1810 et
1380 1768 1462 1809 116
1485 1767 1619 1821 idque
1644 1766 1804 1808 eodem

113 1841 214 1882 loco
258 1842 357 1895 legi.
400 1839 612 1891 Quartum
647 1840 788 1895 eiecto
822 1851 951 1881 versu
989 1839 1083 1890 108,
1117 1839 1375 1893 ejiciuntur:
1407 1848 1528 1891 μῆλα
1553 1847 1627 1881 καὶ
1655 1843 1805 1891 ἄρνας,

114 1912 172 1953 ita
217 1913 262 1953 ut
304 1912 594 1966 paraphrasta
635 1911 722 1965 jam
766 1922 855 1952 non
899 1909 952 1952 de
994 1910 1123 1964 agnis
1156 1911 1197 1951 et
1229 1909 1404 1959 ovibus,
1438 1907 1519 1951 sed
1553 1907 1608 1949 de
1642 1907 1806 1949 ovibus

112 1983 418 2024 tantummodo
452 1982 658 2035 loquatur
689 1982 804 2024 sicut
833 1980 1125 2035 evangelium.
1149 1980 1296 2022 Facile
1319 1979 1513 2033 denique
1538 1977 1806 2032 intellegitur

114 2056 306 2107 poetam,
341 2053 509 2107 quippe
543 2053 618 2106 qui
652 2063 812 2093 vocum
846 2051 1053 2093 varietate
1078 2050 1330 2100 delectetur,
1354 2062 1394 2092 v.
1417 2049 1474 2092 89
1496 2049 1683 2091 dixisse:
1713 2055 1805 2092 σέο

113 2130 312 2178 ῥάβδῳ,
343 2123 422 2165 Sed
457 2135 496 2164 V.
534 2123 614 2164 117
648 2134 751 2176 pro:
785 2127 971 2177 οὐρανίη
996 2127 1245 2176 καλαύροπι
1272 2120 1406 2162 Verba
1439 2120 1572 2161 haec:
1604 2125 1805 2163 ἄνθεσι

114 2203 322 2247 βίβλων
348 2202 389 2246 ²).
416 2192 471 2235 At
501 2193 689 2235 fortasse
723 2193 820 2246 ipse
854 2192 1142 2246 paraphrasta
1174 2202 1330 2233 versus
1365 2190 1616 2240 correxerit,
1649 2189 1707 2231 ita
1745 2191 1805 2239 ut,

114 2265 236 2318 prius
278 2264 405 2306 iactis
436 2264 642 2306 versibus
678 2264 758 2306 107
791 2275 874 2317 sq„
909 2264 1065 2316 postea
1097 2273 1253 2304 versus
1290 2261 1371 2303 116
1403 2272 1470 2314 sq.
1503 2260 1806 2314 adscripserit.

173 2334 402 2377 Postremo
436 2333 657 2376 Dominus
690 2333 819 2376 Petro
853 2333 1070 2388 praedicit

160 2433 244 2469 Par.
270 2432 370 2477 XXI,
400 2434 487 2469 109:
523 2431 741 2478 κουρίζων
768 2427 847 2471 ἔτι,
877 2429 1033 2477 Πέτρε,
1060 2428 1163 2474 τεὴν
1189 2426 1411 2472 ε’ζώννυσο
1437 2429 1599 2475 μίτρην

398 2505 483 2540 110:
520 2503 593 2537 καὶ
619 2501 757 2546 ποᾶὸς
783 2499 905 2546 ἴχνος
930 2497 1159 2545 ε’καμπτες,
1187 2497 1270 2545 ὅπῃ
1295 2498 1525 2543 μενέαινες
1550 2495 1742 2534 ὁδεύειν·

396 2574 486 2610 111:
525 2570 611 2615 ὀψὲ
637 2572 687 2607 δὲ
713 2570 943 2619 γηράσκων
969 2568 1172 2615 τανὺσεις
1198 2569 1273 2605 σέο
1298 2574 1448 2616 χεῖρας
1474 2566 1653 2614 ἀνάγκη,

396 2646 483 2681 112;
520 2644 594 2678 καί
620 2652 668 2678 σε
693 2641 1056 2689 περισφίγξουσιν
1083 2638 1289 2686 ἀφειδέες
1315 2638 1466 2687 ἀνέρες
1493 2637 1623 2675 ἄλλοι

397 2717 485 2752 113;
523 2712 585 2759 εἴς
610 2726 710 2749 τινα
736 2717 884 2760 χῶρον
912 2711 1104 2758 ἄγοντες,
1132 2710 1183 2747 ὃν
1209 2708 1263 2746 οὐ
1289 2709 1364 2746 σέο
1391 2709 1541 2755 θυμὸς
1567 2707 1742 2755 ἀνώγει.

168 2882 195 2928 ¹)
222 2884 357 2920 Matth.
384 2885 444 2929 IV,
473 2886 538 2929 193
565 2886 684 2921 Marc.
712 2886 735 2928 1,
766 2886 818 2920 17.

167 2940 195 2986 ⁹)
215 2942 273 2978 Cf.
293 2943 412 2985 Plato,
433 2944 592 2979 Phaedr.
612 2945 681 2980 330
699 2944 750 2980 D:
771 2942 889 2987 ὥσπερ
909 2942 977 2987 γὰρ
997 2941 1031 2975 οἱ
1049 2940 1095 2975 τὰ
1112 2945 1295 2975 πεινῶντα
1312 2937 1508 2984 θρέμματα
1526 2938 1702 2982 θαλλὸνῆ
1719 2951 1804 2973 τινα

116 2999 261 3044 καρπὸν
294 2999 527 3044 προσείοντες
559 3001 701 3046 ἄγουσι,
736 3002 779 3036 σὺ
814 2997 895 3046 ἐμοὶ
926 2999 1056 3045 λόγους
1083 2999 1176 3034 οὕτω
1202 2997 1404 3043 προτείνων
1431 2997 1470 3033 ἐν
1496 2997 1650 3043 βιβλίοις
1675 2996 1741 3041 τήν
1766 3009 1806 3031 τε

112 3056 273 3103 Ἀττικὴν
299 3058 427 3104 φαίνει
452 3059 640 3104 περιάξειν
666 3060 816 3095 ἅπασαν
842 3060 906 3094 καὶ
933 3058 1017 3094 ὅποι
1044 3057 1091 3093 ἂν
1118 3057 1245 3091 ἄλλοσε
1271 3056 1395 3103 βούλῃ.
