2180 3606
998 196 1046 237 91

194 324 259 368 De
293 326 377 368 hoc
409 324 743 380 simplicissimo
777 324 967 366 laternae
1001 336 1161 379 genere
1194 337 1216 367 e
1237 324 1383 379 iuncis
1406 323 1612 366 contexto
1635 322 1874 376 scriptores

193 396 361 449 antiqui
397 397 663 439 mentionem
696 406 783 436 non
808 393 974 436 faciunt
997 395 1081 437 nisi
1104 394 1438 449 Aristophanes,
1463 394 1537 447 qui
1562 392 1872 447 Dicaeopolim

194 465 362 509 inducit
394 466 634 509 dicentem:

465 550 543 596 δός
568 563 647 595 μοι
673 559 736 586 σπ
747 563 774 586 υ
785 563 810 597 ρ
822 551 837 585 ι’
849 552 877 586 δ
888 563 903 585 ι
914 550 974 595 οἶν
1000 549 1353 595 διακεκαυμένον
1378 548 1529 596 λύχνῳ
1552 549 1594 595 ¹).

191 628 404 673 Auctores
437 630 590 673 saltem
624 629 905 681 recentiores,
938 630 992 672 de
1027 630 1096 672 his
1130 630 1260 672 rebus
1293 632 1488 685 agentes,
1511 628 1764 671 testimonia
1786 639 1873 669 non

192 699 377 743 afferunt
419 702 501 744 nisi
546 700 599 742 de
643 712 793 751 cornu,
836 701 890 742 de
933 701 1096 751 vesica,
1140 701 1194 743 de
1228 701 1334 752 lino,
1368 700 1422 742 de
1455 700 1634 742 materia
1667 698 1873 753 quadam,

193 782 324 824 quam
354 782 436 814 nos
471 771 639 822 „mica”
672 782 899 821 vocamus,
934 771 1017 813 nisi
1053 770 1233 822 Becker,
1261 771 1336 824 qui
1362 771 1507 812 locum
1533 770 1756 812 laudatum
1780 767 1875 810 Ari-

191 841 425 895 stophanis
452 841 587 893 affert,
618 843 870 896 postquam,
895 853 1031 883 cornu
1056 843 1414 891 commemorato,
1438 841 1568 882 dixit:
1598 840 1669 891 „In
1693 839 1875 882 Etman-

192 911 357 967 gelung
396 913 473 955 der
515 913 696 955 Laterne
741 914 908 955 musste
946 912 1017 954 die
1048 911 1182 955 Stelle
1215 912 1327 954 auch
1361 912 1479 953 wohl
1514 912 1584 954 ein
1617 910 1736 965 Topf
1768 910 1876 952 oder

193 982 310 1025 Korb
344 980 652 1037 vertreten”²).

250 1124 294 1166 In
337 1125 546 1179 pericope
590 1123 684 1166 Par.
718 1123 858 1175 XVIII,
891 1124 1065 1166 25—63
1099 1123 1375 1174 describitur,
1410 1124 1639 1178 quomodo
1672 1122 1875 1167 Christus

191 1206 216 1237 a
248 1194 462 1238 militibus
495 1195 906 1250 comprehendatur,
940 1195 1010 1237 cui
1045 1194 1369 1249 respondetJo.
1392 1193 1532 1245 XVIII,
1554 1195 1712 1236 4-12,
1744 1194 1875 1248 Apud

185 1266 399 1320 Joannem
442 1268 585 1308 autem
619 1278 659 1308 v.
692 1266 721 1307 4
752 1266 964 1319 scriptum
999 1265 1179 1320 legitur:
1208 1269 1371 1319 Ἰησοῦς
1388 1264 1470 1309 οὖν
1495 1272 1627 1318 εἰδὼς
1651 1272 1796 1309 πάντα
1820 1273 1875 1308 τὰ

190 1342 410 1392 ἐρχόμενα
448 1341 510 1381 ἐπ’
552 1341 690 1381 αὑτὸν
728 1342 918 1390 ἐξῆλθεν
955 1346 1029 1380 καὶ
1063 1343 1181 1390 λέγει
1215 1341 1380 1390 αὐτοῖς,
1424 1336 1546 1390 quod
1589 1336 1877 1390 paraphrasta

191 1407 513 1450 circumscribit

269 1494 352 1531 Par.
378 1494 506 1539 XVIII,
531 1496 599 1531 25:
634 1489 799 1538 Ἰησοῦς
824 1489 1114 1538 δ’ἀδίδακτος
1141 1492 1253 1529 ἰδὼν
1278 1491 1534 1537 μέλλουσαν
1561 1489 1765 1538 ἀνάγκην,

532 1566 599 1602 26:
639 1561 898 1611 ἄτρομοςῇ),
922 1560 1269 1608 αὐτοκέλευστος
1287 1560 1512 1610 ἀνέδραμε
1529 1565 1668 1611 κῆπον
1686 1558 1830 1608 ἐάσας.

191 1647 383 1691 Primum
432 1649 640 1703 equidem
690 1661 952 1704 persuasum
998 1661 1086 1692 non
1131 1649 1275 1691 habeo
1319 1649 1527 1691 Nonnum
1571 1649 1614 1690 in
1658 1648 1875 1703 evangelii

191 1719 347 1761 codice
386 1719 549 1774 legisse
593 1728 705 1765 ἰδών
747 1732 827 1774 pro
869 1728 1013 1774 εἰδώς,
1058 1722 1103 1762 ut
1145 1718 1406 1763 Scheindler
1439 1720 1678 1762 contendit.
1711 1719 1876 1762 Vocem

191 1790 307 1831 enim
346 1797 524 1844 εἰδώς
566 1791 636 1833 his
669 1791 848 1834 duobus
880 1791 1028 1833 verbis
1062 1791 1303 1845 expressit:
1342 1797 1678 1844 ἀδίδακτος
1716 1797 1877 1834 ἰδών.

190 1859 300 1902 Nam
345 1862 464 1915 patet
500 1861 653 1904 addito
683 1862 904 1904 vocabulo
937 1867 1274 1915 ἀδίδακτος
1305 1873 1461 1903 vocem
1496 1868 1644 1905 ἰδών
1676 1861 1875 1903 adhiberi

191 1930 245 1973 de
279 1932 439 1974 mentis
471 1932 568 1974 visu
604 1933 629 1974 i.
648 1944 684 1974 e.
718 1932 773 1974 de
795 1932 994 1975 scientia.
1022 1931 1104 1974 Per
1126 1943 1173 1974 se
1198 1932 1295 1987 ipse
1320 1931 1479 1974 doctus
1503 1930 1724 1975 Dominus
1750 1931 1878 1975 intel-

191 2001 309 2053 lexit,
344 2002 451 2056 quId
484 2002 676 2045 futurum
711 2005 842 2046 esset.

249 2071 422 2115 Deinde
470 2074 653 2116 verbum
697 2074 942 2129 Joanneum
991 2080 1181 2130 ἐξῆλθεν
1227 2074 1415 2116 Nonnus
1462 2074 1653 2128 explicat
1699 2074 1876 2116 verbis:

190 2149 470 2199 ἀνέδραμε
503 2156 672 2201 κῆπον
703 2151 878 2199 ἐάσας,
913 2146 971 2188 ita
994 2147 1039 2187 ut
1062 2146 1367 2200 interpretetur
1389 2145 1706 2200 evangelistam
1724 2144 1878 2187 faciat-

190 2226 277 2268 que
320 2212 542 2257 Christum
587 2227 640 2257 ex
683 2216 783 2270 ipso
822 2217 949 2258 horto
993 2227 1235 2271 egressum.
1283 2215 1337 2257 At
1378 2215 1656 2271 evangelium
1700 2215 1878 2258 duobus

191 2285 336 2328 modis
360 2288 508 2340 potest
525 2286 751 2341 explicari,
776 2287 789 2328 l
808 2300 816 2329 :
842 2289 888 2329 ut
906 2286 1109 2330 Christus
1128 2288 1299 2329 hortum
1320 2287 1551 2340 relinquat,
1570 2298 1669 2328 cum
1688 2298 1711 2329 e
1729 2287 1878 2330 verbis

186 2367 242 2412 Jo.
270 2366 398 2410 XVIII,
416 2367 455 2403 3:
482 2361 658 2413 ἔρχεται
677 2363 769 2402 ἐκεῖ
784 2369 872 2400 non
893 2357 1274 2412 efficiaturJudam
1294 2358 1467 2399 hortum
1487 2357 1673 2400 intrasse
1692 2369 1836 2411 neque
1856 2369 1878 2399 e

186 2429 243 2474 Jo.
269 2437 398 2482 XVIII,
424 2439 491 2475 26:
530 2434 611 2473 οὐκ
629 2435 713 2483 ἐγώ
732 2446 780 2474 σε
799 2429 924 2474 εἶδον
942 2435 990 2474 ἐν
1007 2442 1070 2485 τῷ
1088 2436 1209 2484 κήπῳ
1229 2433 1321 2483 μετ’
1345 2434 1499 2478 αὐτοῦ,
1518 2440 1693 2471 servum
1713 2428 1877 2471 Malchi

192 2500 427 2553 cognatum
462 2501 502 2541 et
535 2498 709 2542 Petrum
744 2501 1085 2555 interrogantem
1120 2501 1163 2542 in
1191 2501 1364 2543 hortum
1389 2511 1488 2542 esse
1512 2500 1774 2554 ingressum,
1798 2499 1877 2542 secl

191 2569 498 2611 tantummodo
546 2569 735 2622 Petrum,
785 2583 885 2613 cum
932 2571 970 2613 is
1015 2571 1058 2613 in
1102 2571 1229 2613 horto
1272 2572 1403 2621 esset,
1446 2569 1615 2612 vidisse
1642 2567 1698 2624 4);
1740 2571 1790 2612 2:
1834 2572 1880 2612 ut

245 2677 272 2723 ¹)
299 2679 414 2716 Arist.
440 2681 605 2718 Acharn.
630 2682 710 2718 453.

243 2736 271 2782 ’)
299 2738 455 2783 Becker,
481 2739 682 2776 Charlkles
709 2740 732 2784 I,
758 2750 794 2785 p.
820 2741 909 2784 275;
935 2740 985 2777 cf.
1011 2740 1054 2777 Η.
1082 2741 1124 2776 Κ.
1151 2741 1194 2777 Α.
1214 2740 1273 2776 W.
1293 2740 1352 2784 IV,
1372 2740 1395 2784 I,
1414 2741 1446 2784 2,
1466 2750 1500 2786 p.
1518 2740 1580 2776 65:
1609 2740 1724 2783 „Zum
1744 2739 1876 2775 nacht-

191 2797 317 2833 lichen
344 2797 533 2844 Ausgang
558 2799 739 2836 bediente
765 2809 852 2835 man
879 2800 986 2836 sich.
1002 2827 1033 2836 ..
1060 2800 1163 2835 wohl
1189 2800 1288 2835 auch
1314 2799 1423 2836 eines
1440 2799 1589 2844 Topfes
1605 2799 1700 2835 oder
1717 2799 1877 2842 Korbes‚

191 2856 314 2892 worin
342 2866 429 2892 man
455 2857 526 2894 das
552 2858 769 2903 Lampchen
796 2858 959 2902 stellte”,
976 2859 1046 2895 sed
1064 2858 1287 2895 testimonia
1304 2867 1381 2894 non
1399 2858 1526 2901 affert:
1544 2858 1778 2902 Marquardt,
1798 2857 1878 2894 Das

192 2914 437 2952 Privatleben
460 2916 527 2953 der
544 2915 684 2955 Romer
702 2917 742 2956 II,
760 2927 796 2962 p.
813 2918 893 2953 712.
911 2917 1050 2954 Nullus
1068 2918 1203 2953 auctor
1219 2918 1410 2953 recentior
1427 2918 1632 2962 pericopae
1651 2916 1733 2953 Par.
1749 2917 1876 2960 XVIII,

194 2974 332 3010 16—24
357 2975 590 3011 mentionem
616 2975 710 3012 facit
735 2977 898 3021 excepto
917 2976 959 3012 K.
978 2976 1120 3021 Kuiper
1137 2976 1198 3020 I.I.,
1216 2977 1281 3021 qui
1299 2977 1484 3012 laternam
1501 2986 1548 3012 ex
1567 2976 1700 3021 papyri
1719 2976 1877 3012 schedls

193 3034 412 3070 contextam
436 3033 558 3071 fuisse
583 3035 814 3080 suspicatur.
1277 3032 1306 3079 ⁸)
1333 3035 1371 3071 In
1398 3035 1482 3072 Par.
1508 3033 1547 3079 †.

244 3090 273 3135 ⁴)
301 3091 359 3128 Cf.
386 3092 529 3137 Belser‚
555 3092 626 3131 Die
653 3092 796 3131 Gesch.
821 3094 892 3131 des
916 3094 1080 3131 Leidens
1106 3094 1177 3130 cet.
1203 3104 1239 3139 p.
1265 3094 1352 3138 2893
1379 3092 1559 3131 Groenen
1585 3104 1620 3130 ο.
1639 3095 1661 3130 l·
1688 3104 1723 3139 p.
1753 3094 1828 3130 198.

1937 1128 1988 1170 N.
2015 1128 2084 1170 45.
