2180 3606
999 177 1079 219 109

191 302 290 344 loco
310 302 487 346 laudato
503 303 558 345 de
577 304 742 346 mundo
761 305 956 359 superbo
970 306 1064 348 sive
1083 306 1137 348 de
1154 306 1362 361 superbis
1381 308 1637 350 hominibus
1656 308 1873 363 loquatur.

189 369 342 414 Solum
387 374 502 416 enim
547 372 747 425 Pilatum,
790 375 965 418 arbitris
1003 377 1195 427 remotis,
1230 375 1433 420 Christus
1464 378 1716 432 alloquitur,
1751 380 1875 423 solos

189 440 375 485 Pilatum
405 445 447 486 et
469 456 582 494 eum,
606 445 682 498 qui
706 456 754 487 se
777 446 968 497 tradidit,
993 449 1163 501 peccati
1187 450 1380 490 accusat.
1414 446 1501 491 Sed
1526 449 1561 490 si
1588 450 1876 503 paraphrasta

186 520 419 566 κόμπον
460 515 652 569 scripsit,
695 527 778 557 suo
821 528 941 558 more
983 518 1116 559 animi
1159 518 1362 560 aflectum
1401 519 1652 572 descripsit,
1686 520 1875 563 maxime

191 587 491 627 consentanea
524 586 686 640 posuit,
720 587 869 628 omnia
902 587 1018 629 clara
1051 592 1093 629 et
1125 588 1258 642 plana
1289 591 1404 630 sunt.

250 725 294 767 In
319 726 530 780 pericope
553 724 648 768 Par.
671 725 779 777 XIX,
803 726 991 776 53—87,
1016 727 1472 783 circumscribiturJo.
1491 728 1599 780 XIX,
1623 729 1806 781 12—16,
1831 730 1873 771 in

187 807 329 850 eaque
363 795 567 840 Christus
600 797 754 838 mortis
777 797 1117 848 condemnatur;
1142 798 1213 839 hic
1237 799 1435 852 quinque
1458 800 1564 841 mihi
1593 800 1874 854 explananda

185 867 380 920 suscepi.
407 866 633 921 Evangelii
658 867 814 909 verba:
848 872 1060 912 ἐκάθισεν
1086 873 1156 911 ἐπὶ
1182 874 1378 922 βήματος
1396 876 1458 923 εἰς
1475 877 1613 915 τόπον
1630 878 1872 924 λεγόμενον

185 944 520 992 Λιθόστρωτον,
541 942 765 993 Ἐβραϊστὶ
791 945 843 981 δὲ
872 948 1105 992 Γαββαθᾶ,
1139 939 1415 992 explicantur
1445 941 1532 982 sic:

231 1017 313 1054 Par.
340 1018 437 1060 XIX,
462 1018 530 1053 62:
581 1013 814 1062 ἀγχιδόμῳ
840 1011 1083 1061 δ’ἐκάθητο
1109 1015 1404 1064 λιθοστρώτῳ
1428 1019 1546 1065 παρὰ
1571 1018 1716 1066 χώρῳ,

464 1089 532 1124 63:
582 1083 756 1130 οὕνομα
782 1090 918 1122 τοῦτο
944 1085 1128 1134 φέροντι
1153 1086 1386 1132 βοώμενον
1406 1083 1590 1124 Ἐλλάδι
1617 1094 1755 1135 φωνῇ,

461 1159 530 1195 64;
580 1149 655 1192 οἶα
680 1157 831 1202 λίθοις
857 1161 1094 1203 στρωτοῑσι
1121 1157 1388 1204 τετυγμένῳ·
1416 1155 1613 1206 ἐνδαπὶῳ
1639 1159 1691 1195 δὲ

462 1230 532 1265 65:
583 1227 799 1272 Γαββαδὰ
824 1226 1104 1273 παφλάζοντι
1130 1225 1288 1275 Σύρων
1313 1227 1572 1274 κικλήσκετο
1597 1228 1749 1277 μύθῳ.

240 1302 578 1356 Explanandum
627 1303 693 1344 est
739 1303 883 1343 autem
928 1302 996 1343 his
1038 1302 1243 1344 versibus
1286 1303 1488 1356 primum,
1533 1304 1641 1357 quid
1683 1304 1870 1347 Nonnus

180 1373 368 1416 senserit
401 1372 455 1415 de
488 1372 603 1423 loco,
637 1372 712 1426 qui
737 1372 897 1414 dicitur
928 1380 1346 1428 Λιθόστρωτος,
1375 1373 1552 1425 deinde,
1577 1376 1718 1416 utrum
1743 1373 1871 1418 Chri-

180 1446 295 1486 stum
329 1455 383 1485 an
417 1441 604 1485 Pilatum
640 1454 719 1496 pro
747 1442 953 1484 tribunali
978 1442 1206 1484 sedentem
1232 1443 1424 1493 inducat,
1454 1444 1663 1498 denique,
1687 1457 1871 1499 quarum

180 1514 427 1568 linguarum
460 1513 647 1555 scientia
680 1512 900 1567 polluerit.

234 1584 428 1639 Joannes
451 1585 721 1626 mentionem
745 1583 849 1626 facit
872 1584 914 1626 et
936 1590 1132 1638 βήματος
1150 1586 1191 1626 et
1210 1592 1534 1640 Λιθοοτρώτου
1551 1586 1870 1641 conjungItque

178 1656 360 1698 alterum
404 1667 503 1697 cum
547 1654 763 1709 particula
800 1660 903 1700 e'ni:
938 1660 1023 1698 ἐπὶ
1059 1661 1315 1708 βήματος,
1348 1655 1530 1697 alterum
1555 1668 1654 1698 cum
1679 1668 1870 1711 praepo-

179 1727 340 1769 sitione
362 1734 459 1780 εἰςε
485 1734 563 1780 εἰς
589 1733 761 1770 τόπον
786 1733 1093 1780 λεγόμενον
1118 1733 1531 1781 Λιθόστρωτον.
1554 1727 1742 1770 Nonnus
1765 1740 1869 1769 Vero

180 1798 313 1839 utitur
345 1797 756 1852 praepositionibus
797 1803 969 1850 παράε
1008 1803 1411 1851 λιθοστρώτῳ
1436 1805 1589 1852 παρὰ
1614 1804 1794 1852 χώρῳ,
1828 1801 1870 1840 et

179 1890 213 1914 v.
240 1879 287 1915 68
324 1874 437 1913 esni:
464 1871 537 1911 ἐπ’
570 1872 850 1921 εὐλάιγγι
888 1874 1115 1921 θοώκῳ.
1150 1866 1257 1907 Eum
1292 1865 1414 1919 loqui
1448 1868 1534 1908 tam
1569 1866 1624 1908 de
1647 1868 1867 1918 tribunali,

179 1939 254 1993 qui
299 1938 459 1980 dicitur
499 1945 947 1993 Λιθόστρωτος,
986 1948 1118 1990 quam
1153 1948 1192 1978 v.
1224 1936 1282 1978 68
1314 1936 1369 1978 de
1402 1936 1511 1978 sella
1543 1937 1719 1991 iudicis,
1754 1950 1868 1991 quae

178 2012 361 2052 vocatur
391 2018 609 2064 θόωκος
632 2019 674 2063 ¹),
708 2010 750 2051 in
784 2010 937 2063 aperto
971 2009 1050 2050 est.
1085 2007 1227 2062 Hujus
1260 2009 1404 2049 tamen
1438 2007 1574 2050 sellae
1608 2021 1647 2050 v.
1680 2008 1867 2058 62—65,

179 2081 254 2123 ubi
299 2081 445 2124 locum
486 2081 671 2136 Joannis
711 2079 818 2130 XIX,
866 2079 918 2121 13
956 2076 1291 2128 circumscribit,
1325 2079 1593 2120 mentionem
1628 2091 1716 2121 non
1749 2079 1866 2122 iacit.

179 2151 298 2194 Haec
320 2154 465 2194 autem
490 2152 600 2194 sella
624 2151 851 2205 lapidibus
868 2149 1031 2192 affabre
1051 2150 1271 2190 exstructa
1289 2151 1377 2200 est;
1402 2151 1469 2191 est
1486 2150 1601 2191 enim
1626 2155 1867 2205 εὐλάιγξ.

178 2222 397 2265 Particula
437 2230 591 2278 παρά
633 2234 673 2264 v.
716 2222 772 2264 62
815 2233 904 2263 non
949 2219 1168 2274 significat
1212 2218 1403 2273 „apud'’,
1445 2219 1525 2261 sed
1571 2220 1609 2270 „i
1626 2220 1695 2261 n”.
1735 2218 1868 2263 Sedet

177 2295 293 2336 enim
328 2292 496 2336 Pilatus
530 2294 573 2335 in
608 2293 722 2343 loc0‚
757 2293 832 2346 qui
867 2289 1105 2334 Gabbatha
1137 2290 1309 2331 dicitur.
1343 2288 1573 2332 Praeterea

224 2376 307 2413 Par.
334 2377 430 2420 xix,
460 2378 547 2412 149:
983 2366 1058 2415 ἔην
1095 2369 1248 2416 παρὰ
1285 2369 1521 2414 γείτονι
1558 2368 1726 2417 χώρῳ

461 2439 549 2473 150:
598 2433 722 2481 ὄξεος
747 2432 940 2478 ἔμπλεον
967 2434 1108 2481 ἄγγος,
1145 2432 1224 2481 ,,ἰη
1260 2432 1388 2473 loco
1427 2433 1713 2485 proximo’'
1747 2435 1866 2476 certo

177 2495 460 2552 significat2).
504 2497 662 2540 Verum
715 2511 813 2541 cum
861 2500 1099 2553 particulae
1141 2502 1210 2544 vis
1253 2502 1383 2544 latius
1427 2502 1686 2545 extendatur
1733 2515 1864 2557 quam

178 2567 441 2610 Batavorum
487 2569 636 2623 lingua
675 2571 949 2624 praepositio
985 2571 1114 2626 „bij''‚
1150 2573 1233 2613 hoc
1259 2572 1414 2613 mirum
1450 2583 1549 2614 esse
1583 2586 1670 2615 non
1707 2577 1864 2629 potest.

177 2637 405 2693 Significat
428 2640 543 2681 enim
590 2648 733 2695 παρά
772 2661 901 2685 τινα
953 2642 1158 2692 „alicui
1209 2643 1335 2684 loco
1389 2654 1516 2685 esse
1568 2644 1865 2697 vicinum'’,

178 2721 322 2762 neque
354 2712 499 2752 tamen
535 2711 753 2764 prohibet,
787 2712 1030 2765 quominus
1063 2715 1297 2767 usurpetur
1320 2713 1374 2754 de
1398 2725 1465 2764 eo,
1490 2715 1611 2767 quod
1637 2716 1689 2757 in
1712 2715 1864 2770 aliquo

178 2780 277 2821 loco
316 2778 576 2835 versatur‘³).
619 2781 815 2833 Accedit,
854 2783 974 2835 quod
1016 2784 1149 2825 verba
1181 2783 1366 2825 sedendi
1399 2784 1676 2839 J'ubendique
1709 2787 1864 2829 sedere

230 2883 256 2927 ¹)
285 2884 366 2920 Par.
392 2883 490 2927 XIX,
517 2884 628 2930 68†;
653 2888 780 2925 θῶκος
808 2887 846 2929 II,
873 2887 941 2930 76;
969 2888 1028 2929 VI,
1060 2889 1136 2924 191.

227 2942 255 2986 ¹)
284 2943 331 2979 Cf
370 2944 451 2980 Par.
482 2946 538 2986 IV,
565 2946 634 2988 90;
662 2946 708 2981 VI
748 2947 815 2988 87;
843 2945 903 2989 IX,
933 2947 998 2985 58:
1026 2945 1070 2985 X,
1101 2947 1165 2989 lO;
1191 2945 1290 2990 XIX,
1316 2948 1407 2990 2133
1434 2946 1534 2990 XXI,
1561 2949 1616 2984 20.

226 3000 255 3046 8)
283 3003 442 3039 Tacitus
470 3014 586 3048 saepe
615 3007 730 3040 utitur
759 3016 855 3041 voce
884 3007 1030 3050 „apud”
1058 3016 1127 3050 pro
1157 3006 1252 3049 „in'’,
1280 3008 1320 3041 ut
1343 3007 1438 3043 Hist.
1466 3007 1489 3050 I,
1515 3009 1559 3043 5:
1596 3009 1699 3053 apud
1730 3009 1861 3046 urbem

175 3062 336 3104 Nolam;
362 3066 429 3099 34:
456 3066 558 3108 apud
586 3063 825 3100 Germanias.

1938 729 1987 771 N.
2016 729 2085 772 55.
