2180 3606
939 213 966 254 7

111 349 199 396 κός,
225 354 316 396 πῶς
342 348 396 386 οὐ
421 349 689 395 θεοτόκος
714 346 740 394 ἡ
765 353 956 384 τεκοῦσα
983 345 1144 385 αὐτόν”
1162 337 1213 394 1);
1248 339 1362 393 Ergo
1385 339 1686 393 dISputatione
1710 351 1798 381 non

112 414 211 467 eget
251 412 458 454 Nonnum
501 411 722 454 vocabulo
755 418 985 464 θεητόκος,
1020 410 1142 464 quod
1186 422 1211 452 a
1253 409 1547 464 scriptoribus
1586 409 1799 451 ecclesia-

113 483 237 525 sticis
269 485 492 525 mutuatus
525 484 604 532 est,
638 481 822 523 eandem
857 481 945 522 vim
978 484 1112 535 atque
1145 481 1371 522 notionem
1395 479 1645 534 subJ’ecisse
1667 482 1800 533 atque

114 553 175 595 ilii
215 553 511 608 subjecerunt.
556 551 600 594 Id
650 552 692 593 in
736 550 996 605 Paraphrasi
1032 551 1200 605 passim
1234 562 1416 604 quoque
1449 551 1580 604 patet.
1614 549 1802 591 Naturas

114 624 230 665 enim
264 623 453 664 maxime
486 622 597 664 inter
628 633 676 664 se
700 621 946 672 distinctas,
970 621 1165 663 divinam
1190 621 1291 663 dico
1315 623 1356 663 et
1379 621 1630 671 humanam,
1653 620 1803 661 tribuit

115 694 188 736 uni
231 692 424 742 Christo,
467 692 713 735 secundum
756 692 935 734 alteram
968 694 1148 734 aeterno
1166 689 1199 745 2)
1232 703 1255 733 e
1288 692 1428 733 Maria
1451 691 1619 745 virgine
1653 690 1802 745 genito

114 763 360 807 secundum
393 764 586 806 alteram.
621 762 734 817 Ergo
762 763 877 805 sicut
900 760 1105 805 Christus
1127 762 1183 804 ab
1207 774 1260 804 eo
1283 763 1466 803 vocatur
1496 769 1605 815 θεὸς
1631 767 1740 816 ἀνὴρ
1755 757 1802 814 ³),

116 835 174 877 ita
205 834 346 876 Maria
376 840 594 887 θεητόκος
625 832 741 884 ide0‚
775 833 898 886 quod
932 831 1171 883 Christum,
1205 832 1280 885 qui
1307 833 1373 873 est
1395 831 1533 883 Deus,
1556 831 1803 874 secundum

116 907 312 947 naturam
347 905 582 947 humanam
617 904 781 958 genuit.

173 975 391 1018 Abhorret
422 976 551 1030 igitur
583 974 770 1016 Nonnus
800 986 824 1016 a
851 974 1029 1016 decreto
1052 973 1258 1023 Nestorii,
1288 973 1559 1027 patriarchae
1584 970 1806 1015 Constan-

116 1046 412 1100 tinopolitani‚
445 1057 535 1099 quo
569 1045 684 1087 duos
717 1056 817 1087 esse
850 1042 1068 1094 Christos,
1101 1044 1284 1085 alterum
1318 1042 1476 1084 Filium
1501 1042 1598 1091 Dei,
1621 1042 1805 1084 alterum

116 1117 253 1158 filium
278 1116 485 1166 hominis,
508 1116 653 1166 docet,
678 1126 819 1169 eaque
843 1115 897 1157 de
921 1125 1057 1156 causa
1078 1114 1264 1155 Mariam
1289 1125 1377 1155 non
1402 1111 1483 1154 Dei
1508 1113 1588 1155 sed
1613 1112 1807 1154 hominis

118 1188 312 1237 matrem,
357 1198 445 1228 non
489 1193 709 1230 θεοτόκον
749 1186 829 1228 Sed
873 1191 1225 1240 ἁνθρωποτόκον
1268 1183 1337 1225 vel
1371 1190 1675 1238 Χριστοτόκον
1707 1193 1807 1225 eSSC

118 1257 476 1311 nuncupandam.
515 1262 745 1310 ,ξἘτεκεν”,
780 1256 935 1310 ῘΠΕῙΗῙΪ,
980 1261 1260 1310 ῃᾶνθρωπον,
1288 1261 1506 1307 θεότητος
1530 1249 1806 1308 ὄργανον”4).

119 1328 232 1371 Huic
265 1328 492 1370 doctrinae
525 1328 741 1382 opposuit
773 1325 966 1381 Cyrillus
999 1326 1253 1376 duodecim,
1287 1327 1333 1367 ut
1355 1326 1529 1374 vocant,
1553 1324 1809 1365 anathema-

118 1400 290 1449 tismos,
333 1409 449 1452 quos
492 1409 609 1440 anno
650 1398 729 1440 431
780 1410 822 1452 ρ.
856 1396 958 1441 Chr.
993 1408 1034 1439 n.
1068 1396 1307 1438 concilium
1341 1394 1616 1449 Ephesinum
1650 1393 1810 1435 confir-

120 1470 266 1512 mavit.
300 1469 450 1523 Itaque
482 1468 671 1511 Nonnus
703 1469 926 1523 propriam
959 1467 1086 1509 vocis
1117 1473 1336 1519 θεοτόκος
1357 1465 1583 1506 notionem
1608 1464 1810 1518 ignorare

121 1541 312 1595 ipsoque
358 1540 578 1582 vocabulo
626 1541 789 1581 temere
838 1540 879 1580 et
927 1536 1177 1579 inconsulte
1227 1536 1286 1577 uti
1336 1535 1454 1577 haud
1499 1534 1654 1588 potuit.
1699 1533 1809 1576 Nam

122 1611 280 1653 iisdem
342 1610 432 1653 fere
494 1610 685 1652 Nestorii
750 1610 792 1651 et
844 1607 996 1663 Cyrilli
1044 1607 1322 1661 temporibus
1369 1605 1490 1656 vixit,
1540 1615 1810 1658 quamquam

122 1683 286 1724 certum
329 1693 418 1723 non
456 1683 536 1732 est,
570 1683 712 1723 utrum
746 1680 843 1734 ejus
878 1684 1116 1732 Μεταβολή
1150 1679 1348 1731 tempore
1382 1675 1674 1730 praecesserit
1706 1686 1813 1717 ana-

121 1753 429 1795 thematismos
461 1750 612 1806 Cyrilii
647 1762 800 1793 necne.
833 1749 989 1792 Incidit
1020 1749 1138 1790 enim
1171 1749 1256 1789 hoc
1290 1747 1390 1789 loco
1424 1757 1494 1788 res
1527 1747 1812 1787 controversa

123 1825 165 1866 et
206 1823 338 1877 plena
380 1822 678 1865 dissensionis
712 1822 823 1863 inter
854 1820 1027 1869 doctos,
1061 1818 1370 1872 quaestionem
1404 1817 1506 1858 dico
1540 1816 1595 1857 de
1628 1815 1810 1857 definito

123 1896 335 1948 tempore,
369 1905 460 1947 quo
492 1892 650 1934 vixerit
679 1891 998 1946 scripseritque
1032 1891 1176 1943 poeta.
1210 1888 1321 1930 Nam
1356 1899 1454 1929 cum
1489 1886 1612 1928 multi
1637 1887 1812 1928 nostrae

123 1964 280 2007 aetatis
312 1964 391 2005 viri
427 1963 544 2005 docti
578 1962 786 2005 Nonnum
820 1962 937 2003 circa
968 1972 1132 2002 annum
1154 1959 1241 2001 400
1262 1958 1467 2000 floruisse
1491 1958 1714 2007 censeant,
1738 1956 1811 1998 alii
1883 1945 1886 1946 ⁷

125 2047 224 2077 eum
272 2035 533 2077 adscribunt
579 2033 781 2087 tempori,
830 2031 952 2086 quod
1001 2032 1068 2073 est
1114 2030 1226 2071 inter
1266 2039 1410 2071 annos
1450 2027 1538 2069 440
1580 2029 1621 2069 et
1663 2023 1812 2080 490⁵).

125 2104 357 2159 Quidquid
400 2108 480 2156 est,
522 2103 894 2158 Panopolitanum
933 2103 1132 2144 nostrum
1165 2112 1210 2142 re
1243 2099 1482 2141 convenire
1515 2110 1614 2140 cum
1649 2095 1814 2151 Cyrillo

127 2177 324 2218 dicente:
372 2182 455 2229 „Ez'
475 2196 540 2229 τις
567 2180 650 2228 οὐχ
676 2179 900 2228 ὁμολογεῖ,
923 2180 1036 2217 Θεὸν
1053 2172 1169 2216 εἶναι
1186 2179 1299 2215 κατὰ
1318 2176 1539 2223 ἀλήθειαν
1557 2177 1636 2213 τὸν
1654 2172 1817 2220 Ἐμμα-

126 2253 278 2300 νουήλ,
304 2257 379 2291 καὶ
406 2255 484 2291 διὰ
509 2258 645 2290 τοῦτο
674 2252 952 2289 θεοτόκον
977 2251 1057 2297 τὴν
1083 2248 1213 2296 ἁγίαν
1229 2247 1472 2296 παρθένον·
1490 2247 1717 2293 γεγέννηκε
1734 2247 1816 2293 γὰρ

127 2330 344 2374 σαρκικῶς
370 2325 510 2373 σάρκα
535 2324 747 2371 γεγονότα
772 2323 852 2360 τὸν
878 2321 926 2359 ἐκ
954 2326 1068 2358 Θεοῦ
1087 2321 1233 2367 λόγον·
1254 2319 1465 2364 ἀνάθεμα
1484 2315 1620 2355 ἕστω”
1637 2306 1683 2363 6),
1708 2309 1815 2351 nihil

127 2389 261 2431 habet
293 2388 598 2430 dubitationis.

188 2459 284 2501 Huc
318 2459 464 2501 referri
499 2461 646 2513 potest
679 2456 1018 2512 quaestiuncula
1050 2455 1105 2497 de
1135 2454 1271 2496 verbo
1304 2460 1537 2505 θεόπαις
1557 2448 1604 2505 ⁷),
1628 2450 1751 2504 quod
1775 2451 1817 2492 in

131 2529 393 2584 Paraphrasi
439 2531 505 2572 est
546 2536 661 2582 ἅπαξ
692 2535 949 2582 λεγόμενον.
982 2525 1217 2576 Quaeritur
1249 2524 1380 2574 enim,
1414 2524 1557 2565 utrum
1591 2523 1699 2564 haec
1731 2533 1820 2563 vox

130 2600 350 2656 significet
397 2600 481 2642 hoc
530 2600 632 2641 loco
682 2597 791 2650 „Dei
835 2597 953 2639 filia''
996 2608 1051 2638 an
1097 2607 1239 2649 „quae
1281 2594 1419 2636 filium
1459 2593 1591 2635 habet
1632 2591 1819 2634 Deum”.

183 2750 211 2795 ¹)
239 2752 290 2787 Μ.
316 2751 357 2787 Ρ.
384 2750 430 2787 G.
458 2750 604 2792 LXXV,
638 2750 747 2791 1400;
782 2749 829 2784 de
856 2747 1024 2792 Origene
1052 2746 1101 2782 cf.
1128 2746 1168 2781 E.
1195 2745 1378 2787 Neubcrt,
1403 2744 1524 2779 Marie
1551 2743 1647 2779 dans
1674 2741 1821 2787 l'eglise

133 2810 434 2853 Anteniceenne,
468 2820 503 2854 p.
540 2809 735 2851 133—135,
762 2807 945 2849 Lecofire,
972 2806 1091 2848 Paris,
1121 2805 1229 2847 19Ο8;
1256 2804 1303 2839 de
1331 2803 1470 2839 ceteris
1496 2803 1606 2838 locos
1632 2801 1822 2837 laudatos.

129 2871 298 2917 Joannes
337 2869 653 2913 Chrysostomus,
691 2876 925 2911 quamquam
965 2876 1004 2901 re
1038 2864 1245 2906 consentit,
1282 2872 1379 2898 voce
1412 2859 1593 2900 θεοτόκος
1626 2869 1821 2902 nunquam

135 2930 264 2972 utitur,
291 2928 340 2964 ct.
366 2928 417 2963 M.
445 2927 485 2963 Ρ.
512 2926 558 2963 G.
587 2927 672 2967 LIII,
698 2928 762 2968 51;
790 2925 894 2966 LVII,
922 2926 985 2967 25;
1014 2924 1104 2965 LIX,
1134 2924 1201 2958 130
1226 2932 1295 2966 sq..

183 2986 214 3032 ²)
243 2987 300 3024 Cf.
328 2987 410 3023 Par.
439 2987 462 3030 I,
492 2989 505 3022 l
535 2996 640 3031 sqq.:
666 2983 746 3024 υἱὸς
770 2982 930 3028 ἀμήτωρ.
1079 2980 1108 3026 ⁵)
1136 2981 1194 3017 Cf.
1221 2992 1256 3016 n.
1282 2982 1338 3016 71.

187 3045 215 3091 ³)
243 3047 326 3083 Par.
352 3047 376 3090 I,
405 3047 462 3082 39.
1081 3039 1111 3084 ⁶)
1137 3041 1189 3076 M.
1216 3040 1256 3075 Ρ.
1284 3038 1329 3075 G.
1356 3038 1520 3081 LXXVI,
1545 3037 1626 3073 296.

186 3105 215 3150 ⁴)
242 3106 295 3142 M.
322 3105 362 3142 Ρ.
389 3105 427 3141 L.
455 3105 612 3147 XLVIII,
638 3104 718 3140 759.
1085 3099 1114 3144 ⁷)
1141 3100 1224 3136 Par.
1250 3099 1348 3142 XIX,
1377 3099 1443 3134 138
1468 3095 1508 3141 †.
