2180 3606
979 243 1036 285 39

162 370 390 412 Fiduciam
425 371 577 412 habuit
608 371 676 412 sui
711 381 813 424 erga
845 369 1068 413 Christum
1102 373 1264 414 amoris
1298 372 1494 413 nondum
1528 373 1636 414 satis
1660 374 1848 427 probati,

163 441 280 482 haud
315 442 527 495 reputatis
558 452 709 482 secum
743 441 967 494 periculis,
1002 444 1047 483 ut
1082 444 1172 484 erat
1194 442 1350 484 celeris
1373 442 1644 495 mobilisque
1668 444 1848 498 ingenii.

163 510 207 552 In
225 511 324 564 ipso
339 511 521 565 periculi
541 511 795 552 discrimine
812 511 986 552 consilii
1004 512 1135 565 inops
1154 515 1197 554 in
1216 515 1421 554 terrorem
1440 512 1685 566 conjicitur,
1700 514 1848 556 animo

162 581 324 631 deficit,
368 584 483 623 metu
523 581 649 634 quasi
684 581 958 624 exanimatus
992 594 1040 624 se
1074 581 1235 625 Christi
1267 582 1537 637 disprulum
1571 594 1671 625 esse
1706 586 1848 638 negat.

223 651 266 693 ln
301 652 441 703 horto,
475 653 737 693 occaecatus
770 651 970 701 audacia,
1005 652 1201 707 gladium
1235 653 1386 695 eduxit

399 732 481 768 Par.
506 732 598 773 XIII,
624 732 692 767 51:
743 730 898 773 Σίμων
925 720 1007 777 ἆορ
1034 727 1149 775 ἔχων
1175 733 1249 778 OQ
1265 744 1291 766 α
1307 731 1373 766 σὺ
1389 744 1409 776 ς
1435 728 1610 767 ἔσπασε.

164 797 302 839 Paulo
347 800 461 852 post,
502 797 629 850 quasi
673 798 821 839 animo
862 798 1024 840 malum
1059 800 1359 853 praesagiens,
1393 800 1473 842 sed
1506 798 1668 843 Christi
1701 812 1850 842 amore

161 868 337 917 ductus,
372 867 611 909 Dominum
645 879 667 909 e
701 867 948 922 longinquo
983 870 1182 922 sequitur

164 937 246 973 Par.
273 937 399 978 XVIII,
427 938 494 972 70:
543 935 617 969 καὶ
643 932 687 969 οἱ
713 932 1099 980 ὀπισθοκέλευθος
1124 932 1315 983 ὁμάρτεε
1341 936 1563 981 τηλόθι
1587 937 1614 982 ¹)
1641 938 1795 981 Σίμων

422 1002 488 1036 74:
538 1001 612 1034 καὶ
648 998 855 1046 βραδὺς
881 997 1047 1035 αὐτόθι
1076 999 1245 1046 Πέτρος
1270 998 1469 1037 ἐλείπετο
1495 1001 1630 1047 νόσφι
1647 1000 1850 1049 θυράων,

162 1063 222 1103 ita
260 1063 305 1102 ut
337 1073 435 1103 eum
469 1060 711 1102 tardantem
745 1063 786 1102 et
819 1062 946 1114 quasi
982 1062 1265 1104 reluctantem
1303 1063 1579 1116 „discipulus
1612 1064 1739 1114 alius,
1775 1064 1849 1117 qui

163 1134 255 1173 erat
301 1134 432 1174 notus
475 1130 702 1185 pontifici”
729 1128 762 1184 2)
802 1132 844 1172 in
890 1132 1069 1173 domum
1110 1133 1387 1174 introducere
1422 1145 1509 1174 non
1544 1135 1735 1186 potuerit
1766 1135 1850 1176 nisi

162 1214 294 1244 manu
336 1203 505 1255 arrepta
547 1202 572 1243 i.
607 1213 643 1243 e.
688 1209 836 1257 χειρὸς
870 1207 985 1255 ἔχων
1008 1210 1051 1255 ³).
1095 1201 1162 1244 De
1206 1203 1274 1245 his
1306 1204 1439 1244 animi
1475 1204 1852 1246 commotionibus

163 1273 206 1313 in
240 1273 472 1326 evangelio
500 1272 700 1326 Joanneo
736 1273 843 1314 nihil
879 1273 1048 1326 legitur.
1083 1272 1237 1315 Narrat
1260 1274 1400 1315 enim:
1430 1278 1700 1318 Ἠκολούθει
1720 1282 1771 1317 δὲ
1789 1287 1852 1329 τῷ

155 1341 297 1390 Ἰησοῦ
323 1346 477 1389 Σίμων
501 1344 669 1392 Πέτρος
693 1347 768 1380 καὶ
799 1343 934 1390 ἄλλος
962 1345 1244 1391 μαθητής...
1275 1343 1464 1391 ἐξῆλθεν
1490 1336 1571 1382 οὖν
1598 1343 1622 1381 ὁ
1648 1347 1853 1392 μαθητὴς

161 1413 188 1451 ὁ
215 1413 399 1460 ἄλλος..
415 1441 426 1451 .
451 1417 526 1451 καὶ
552 1410 779 1461 εἰσήγαγεν
805 1415 884 1452 τὸν
912 1416 1086 1463 Πέτρον
1107 1417 1150 1462 ⁴).

221 1484 497 1538 Necopinato
544 1484 598 1526 de
642 1482 819 1527 Christo
859 1485 1171 1539 interrogatum
1205 1486 1336 1526 timor
1368 1488 1559 1540 occupat
1592 1486 1852 1528 manifestus

162 1559 245 1595 Par.
272 1559 399 1602 XVIII,
423 1560 491 1595 81:
542 1558 697 1601 Σίμων
723 1554 1015 1603 δ’ἀντιάχησε
1049 1558 1243 1604 φόβου
1273 1558 1614 1606 σημάντορι
1636 1559 1665 1605 ⁵)
1693 1564 1853 1605 φωνῇ

160 1627 204 1666 et
236 1623 397 1668 Christi
432 1625 703 1679 discipulum
737 1637 784 1668 se
819 1638 918 1668 esse
953 1629 1096 1681 negat.
1131 1626 1243 1669 Tum
1279 1628 1558 1681 perturbatus

161 1700 244 1736 Par.
272 1701 399 1744 XVIII,
425 1701 492 1737 89:
1155 1702 1229 1736 καὶ
1254 1700 1387 1745 μέσος
1414 1698 1563 1736 αὐτῶν

423 1767 491 1802 90:
543 1761 755 1810 ἄψοφος
772 1764 801 1810 ⁸)
837 1763 992 1800 ἵστατο
1021 1764 1190 1811 Πέτρος
1218 1761 1333 1810 ἔχων
1359 1763 1587 1810 ἄγνωστον
1604 1766 1632 1811 ⁷)
1659 1763 1852 1811 ὀπωπήν.

160 1831 320 1873 Animo
363 1832 628 1886 angebatur3
673 1834 762 1874 erat
805 1833 921 1874 enim
963 1830 1164 1886 morast)
1209 1833 1234 1874 i.
1259 1845 1295 1875 e.
1330 1833 1511 1875 timidus
1554 1845 1605 1875 ac
1637 1833 1852 1876 confusus

161 1903 324 1953 animo,
372 1904 458 1944 tam
508 1903 613 1955 quia
661 1903 840 1956 ignotus
886 1904 1125 1957 incognitis
1162 1904 1268 1945 viris
1301 1905 1472 1957 asperis
1506 1905 1730 1946 immixtus
1764 1906 1854 1946 erat

161 1984 295 2026 quarn
344 1972 465 2026 quod
514 1972 701 2014 ancillae
745 1973 905 2014 acerbe
948 1974 1170 2015 cavillanti
1210 1974 1353 2016 irrisui
1387 1973 1537 2016 fuerat.
1573 1973 1639 2015 De
1673 1972 1851 2017 Christo

161 2044 278 2085 enim
323 2043 348 2085 i.
384 2055 419 2085 e.
462 2043 516 2085 de
560 2043 729 2085 Messia
762 2055 861 2085 eum
897 2045 1251 2098 interrogaverat,
1285 2045 1343 2086 ita
1376 2047 1422 2086 ut
1454 2045 1509 2087 de
1542 2043 1719 2088 Christo
1754 2046 1779 2087 i.
1815 2057 1851 2087 e.

160 2114 216 2155 de
249 2113 418 2156 Messia
451 2114 598 2168 ipsum
634 2115 905 2168 respondere
938 2126 1124 2157 necesse
1157 2115 1328 2157 fuisset.
1362 2115 1456 2157 Hoc
1491 2117 1610 2169 patet

162 2189 243 2224 Par.
274 2189 400 2232 XVIII,
427 2190 494 2225 80:
733 2188 794 2232 μὴ
819 2189 894 2223 καὶ
921 2187 975 2223 σὺ
1000 2187 1147 2233 πέλεις
1172 2192 1437 2235 Χριστοῖο
1462 2187 1692 2234 μαθητής,-

427 2261 495 2296 82:
546 2249 581 2294 ὦ
607 2257 751 2304 γύναι,
779 2255 834 2294 οὐ
860 2262 1131 2306 Χριστοῖο
1158 2258 1433 2306 συνέμπορός
1458 2259 1550 2304 εἰμι
1576 2258 1794 2305 μαθητής.

161 2325 291 2368 Unde
325 2325 624 2381 Augustinus:
671 2327 856 2377 ‚‚Ecce’',
891 2328 1047 2380 inquit,
1084 2328 1318 2378 „columna
1349 2328 1601 2370 firmissima
1632 2328 1688 2370 ad
1722 2328 1854 2370 unius

159 2407 293 2438 aurae
326 2397 565 2450 impulsum
599 2399 689 2439 tota
723 2399 998 2440 contremuit.
1033 2398 1118 2441 Ubi
1153 2400 1219 2440 est
1252 2399 1326 2440 illa
1350 2399 1645 2452 promittentis
1668 2399 1854 2441 audacia

163 2468 207 2507 et
239 2466 293 2508 de
327 2478 375 2509 se
409 2468 646 2521 plurimum
680 2466 1082 2523 praefidentis'’⁹)‘?
1116 2467 1205 2512 Sed
1240 2469 1391 2511 lterum
1424 2469 1478 2510 de
1512 2467 1689 2512 Christo
1720 2470 1854 2511 inter-

216 2658 241 2703 1)
270 2660 384 2703 Apud
421 2661 529 2696 solos
567 2662 798 2706 synopticos
836 2663 1002 2707 legitur:
1044 2660 1154 2705 (ἀπὸ)
1191 2662 1397 2705 μακρόθεν,
1439 2663 1574 2698 Matth.
1613 2662 1747 2706 XXVI,
1785 2663 1853 2705 58;

162 2719 282 2754 Marc.
310 2719 406 2761 XIV,
432 2721 500 2762 54;
531 2720 620 2756 Luc.
647 2721 759 2761 XXII,
785 2722 842 2757 54.

212 2776 241 2818 ²)
265 2778 321 2823 Jo.
348 2778 476 2821 XVIII,
506 2779 558 2813 16.
708 2777 736 2822 ⁸)
767 2779 846 2815 Par.
875 2780 1005 2823 XVIII,
1033 2781 1089 2816 78.
1236 2778 1266 2823 4)
1291 2780 1347 2826 Jo.
1379 2780 1505 2822 XVIII,
1537 2781 1579 2816 15
1605 2790 1674 2824 sq..

213 2833 241 2877 ⁵)
272 2836 422 2872 Voces:
463 2835 665 2880 σημάντορι
702 2842 807 2882 φωνῇ
845 2839 989 2883 scripta
1027 2840 1208 2883 leguntur
1243 2838 1326 2874 Par.
1364 2838 1387 2882 I,
1427 2839 1515 2881 119;
1552 2839 1591 2882 II,
1621 2839 1689 2882 39;
1717 2839 1761 2882 V,
1786 2839 1853 2881 38;

162 2894 254 2937 XIII,
286 2895 345 2929 121
376 2897 414 2929 et
441 2896 490 2930 l.l.
518 2894 734 2939 Σημάντωρ,
762 2906 848 2940 quae
878 2907 952 2932 vox
977 2899 1037 2933 est
1062 2898 1216 2941 poetica
1245 2897 1321 2941 Jam
1351 2898 1439 2933 Inde
1454 2898 1502 2932 ab
1519 2898 1685 2933 Homero
1701 2898 1854 2940 usitata,

162 2954 286 2988 valet:
317 2953 525 2997 „indicans,
553 2955 794 2998 significans,
812 2956 1000 2999 iubens’';
1039 2956 1088 2991 cf.
1108 2955 1219 2991 Dion.
1239 2956 1426 2999 XXXVII,
1439 2957 1518 2999 551,
1534 2957 1598 2992 ubi
1615 2957 1662 2992 de
1677 2955 1853 3002 Dionyso

161 3012 314 3047 dicitur.
1043 3013 1071 3058 6)
1101 3015 1291 3050 Praeterea
1318 3015 1401 3051 Par.
1428 3016 1509 3058 XX,
1535 3017 1591 3051 47.

212 3068 239 3111 τ)
268 3070 351 3106 Par.
377 3070 401 3112 I,
434 3071 522 3114 109;
550 3072 589 3114 Il,
615 3073 684 3115 94;
713 3073 774 3116 IX,
803 3074 890 3116 148;
918 3073 1010 3116 XIII,
1042 3074 1108 3109 130
1134 3077 1171 3108 et
1200 3075 1249 3109 1.1.

214 3126 242 3172 ⁸)
272 3128 354 3165 Par.
381 3129 509 3174 XVIII,
538 3131 603 3166 116
622 3129 660 3175 †.
1038 3131 1066 3176 ⁹)
1095 3133 1146 3168 M.
1174 3132 1213 3168 P.
1241 3133 1278 3168 L.
1305 3133 1458 3176 XXXV,
1488 3134 1588 3169 1933.
