2180 3606
990 225 1070 266 107

182 371 208 394 κ
226 345 397 402 aiom,
439 352 570 406 cogit,
614 354 660 393 ut
702 363 800 394 cum
847 349 1109 394 Scheindler
1125 349 1155 405 ¹)
1198 364 1353 394 vocem
1400 364 1560 405 φωνῇ
1609 363 1688 405 pro
1720 358 1870 404 κλήσει

184 420 481 464 admittamus.
525 420 757 475 Correptio
800 422 916 464 enim
958 421 1099 464 Att1ca
1141 422 1302 464 Nonno
1346 422 1552 464 inusitata
1585 423 1664 463 est.
1698 419 1870 463 Deinde

185 490 305 532 nulla
337 503 472 534 causa
504 493 583 542 est,
617 503 694 533 cur
725 493 799 533 aut

229 581 264 607 v.
293 573 357 608 13:
408 571 618 617 κοίρανον
643 568 890 616 ἠσπάζοντο
917 568 964 617 ἑῇ
989 570 1245 616 ψευδήμονι
1269 569 1421 616 κλήσει
1445 571 1486 616 ¹),

181 639 256 680 aut
279 653 315 678 v.
335 643 423 679 13b:
919 637 966 686 ἑῇ
992 639 1248 686 ψευδήμονι
1273 639 1425 686 κλήσει

336 726 423 761 14a:
459 721 619 767 ἱκεσίης
636 721 791 769 κήρυκι
806 722 848 767 ²),
864 725 1186 768 expungamus.
1200 714 1310 756 Nam
1328 714 1675 756 autsententiam
1692 713 1871 755 detrun-

181 795 336 826 camus
378 785 676 839 expungendo
718 784 855 826 verbo
896 791 1220 838 ἠσπάζοντο,
1262 786 1337 826 aut
1369 785 1701 838 paraphrastam
1734 805 1870 839 παρα-

182 862 366 910 φράςειν
399 855 620 896 nolumus.
654 854 811 896 Verum
847 855 1040 897 hiatum:
1073 861 1381 908 ἠσπάζοντο
1412 860 1467 908 ἑῇ
1499 854 1667 895 admitti
1703 855 1868 908 nequit,

181 937 280 967 cum
326 925 497 978 syllaba
540 925 691 966 ultima
734 925 855 966 verbi
898 931 1207 978 ἠσπάζοντο
1245 936 1389 978 neque
1424 925 1692 978 producatur
1725 936 1869 978 neque

181 995 268 1037 ictu
291 995 482 1037 feriatur.
507 992 807 1044 Quamobrem
825 1007 981 1037 vocem
1005 1008 1100 1049 μιῇ
1123 1007 1258 1049 pono.
1281 994 1451 1036 Tiedke
1472 994 1722 1049 coniecerat
1743 1002 1869 1039 θεόν.

238 1065 553 1107 Adorationem
587 1065 775 1108 Nonnus
807 1067 849 1107 et
882 1068 1033 1108 nostro
1067 1066 1167 1107 Ioco
1200 1067 1242 1107 et
1273 1065 1372 1107 aliis
1405 1065 1503 1107 fuse
1536 1067 1706 1107 enarrat
1733 1065 1868 1119 idque

180 1147 358 1190 semper
390 1136 612 1178 similibus
643 1136 732 1178 fere
764 1137 927 1178 verbis.
962 1133 1034 1178 Sic

225 1217 307 1253 Par.
340 1218 399 1261 IV,
425 1203 492 1253 90':
544 1212 710 1260 αὐχένα
736 1214 1047 1260 δοχμώσαντο,

422 1289 490 1325 95;
540 1284 772 1333 μάρτυρον
798 1283 961 1331 ἱκεσίης
985 1283 1292 1332 κυρτούμενον
1318 1282 1486 1330 αὐχένα
1510 1284 1741 1328 κάμπτειν,

425 1359 493 1395 96:
542 1354 776 1401 κύμβαχον
801 1354 1083 1401 ὀκλάζοντας,

406 1430 493 1465 112;
544 1425 678 1472 ξυνὸν
704 1422 994 1462 ὐποκλίνουσι
1019 1424 1221 1471 λιτήσιον
1247 1423 1415 1471 αὐχένα
1440 1427 1553 1473 γαίῃ,

401 1500 489 1535 113:
541 1494 708 1542 αὐχένα
734 1495 1039 1542 δοχμωθέντα
1063 1495 1422 1540 καθελκομένοιο
1446 1495 1650 1544 καρήνου,

400 1570 489 1605 116:
541 1565 766 1615 ἀκροπαγῆ
791 1566 1043 1611 κάμπτουσι
1070 1565 1265 1614 συνήορα
1289 1565 1486 1613 γούνατα
1510 1568 1625 1614 γαίῃ,

402 1641 491 1677 118:
542 1640 616 1674 καὶ
643 1637 827 1685 δαπέδῳ
852 1637 1078 1685 πρηνηδὸν
1103 1635 1412 1685 ε’ρειδομένοιο
1441 1636 1694 1685 προσώπου,

315 1712 375 1756 ΙΧ,
405 1713 493 1748 172;
544 1710 737 1756 κοίρανε,
763 1706 973 1745 πιστεύω·
997 1707 1197 1754 κεφαλὴν
1222 1704 1339 1744 δ’έπὶ
1363 1712 1495 1754 γαῖαν
1521 1705 1692 1755 ἐρείσας

402 1784 490 1818 173;
540 1781 614 1815 καὶ
640 1780 770 1815 ποσὶν
796 1776 1059 1825 ἀμβροσίοις
1083 1776 1391 1825 κυρτούμενον
1417 1775 1584 1824 αὐχένα
1608 1777 1823 1823 κάμπτων

399 1853 487 1888 174;
540 1849 712 1897 φαιδρὰ
738 1848 1065 1896 πολυρραφέων
1089 1846 1400 1896 προσπτύξατο
1425 1849 1566 1895 ταρσὰ
1591 1850 1803 1885 πεδίλων.

176 1923 296 1966 Haec
340 1924 489 1965 omnia
530 1923 647 1965 clara
688 1925 821 1977 atque
865 1923 1103 1977 perspicua
1144 1924 1260 1965 sunt.
1307 1922 1477 1964 Etenim
1510 1928 1818 1978 ἀκροπαγῆ
1835 1930 1864 1976 ·)

174 1993 395 2049 significat
416 2005 589 2036 summa
612 2005 756 2048 genua
780 1993 822 2035 in
846 1995 958 2035 terra
982 2005 1081 2036 esse
1100 1994 1197 2035 nisa
1215 1995 1257 2035 et
1279 1999 1606 2047 ἀμφιπαγῆ“)
1630 1995 1864 2047 utrumque

174 2077 290 2119 genu
315 2067 452 2107 terrae
475 2065 728 2106 adhaerere.
748 2063 977 2106 Praeterea
1010 2070 1084 2116 ἀμ
1099 2071 1358 2118 φιπαγής
1390 2064 1549 2106 dicitur
1567 2064 1696 2118 lapis,
1714 2063 1862 2106 Lazari

174 2135 389 2177 tumulum
424 2137 680 2190 contegens,
715 2135 789 2188 qui
823 2136 970 2176 tantus
1004 2137 1082 2185 est,
1116 2136 1330 2188 quantum
1364 2145 1416 2176 os
1449 2145 1613 2188 specus
1630 2130 1676 2188 ⁵).

232 2263 458 2316 Versibus,
492 2265 567 2318 qui
601 2266 848 2319 sequuntur
880 2263 975 2306 Par.
1005 2263 1113 2315 XIX,
1140 2260 1368 2317 16-38⁶)‚
1393 2275 1535 2317 pauca
1557 2264 1863 2305 tantummodo

172 2335 565 2377 animadvertenda
588 2337 703 2377 sunt.
728 2334 794 2378 De
818 2335 873 2378 iis
896 2336 1027 2385 enim,
1051 2346 1166 2388 quae
1188 2335 1244 2376 ad
1268 2332 1492 2377 Christum
1517 2333 1863 2388 crucifigendum

174 2405 522 2460 crucifixumque
556 2407 787 2460 pertinent,
822 2408 980 2460 postea
1012 2406 1172 2448 dicam.

172 2476 316 2519 Verba
358 2479 503 2519 autem
543 2476 766 2531 Joanneat
810 2483 915 2521 ἴδου
949 2481 974 2520 ὁ
1008 2482 1260 2531 ἄνθρωπος.
1294 2481 1368 2520 ὅτε
1398 2474 1480 2519 οὖν
1506 2475 1631 2519 εἶδον
1657 2481 1796 2520 αὐτὸν
1821 2482 1864 2520 οἱ

172 2553 392 2603 ἀρχιερεῖς
424 2558 498 2592 καὶ
533 2554 576 2592 οἱ
602 2552 828 2603 ὑπηρέται,
856 2553 1133 2603 ἐκραύγασαν
1158 2554 1360 2600 λέγοντες
1384 2554 1426 2600 Ἰ),
1461 2547 1527 2589 SIC
1560 2545 1747 2588 Nonnus
1779 2547 1864 2588 Cir-

174 2618 454 2660 cumscribit:

223 2757 250 2802 ¹)
278 2758 331 2793 Ita
346 2758 583 2801 Scheindler,
598 2758 860 2799 Quaestiones
877 2758 1105 2793 Nonnianae
1125 2757 1148 2799 1,
1167 2758 1235 2799 27;
1262 2757 1332 2792 sed
1350 2757 1387 2792 in
1407 2757 1616 2792 editionem
1636 2766 1745 2792 suam
1766 2757 1863 2792 hanc

172 2817 376 2853 lectionem
404 2827 479 2852 non
506 2818 669 2862 accepit,
687 2826 774 2852 cum
794 2818 917 2852 totum
934 2826 1087 2852 versum
1111 2817 1153 2851 13
1170 2816 1343 2860 spurium
1362 2825 1450 2851 esse
1468 2815 1585 2850 ducIt.
1601 2814 1862 2856 Quamobrem

172 2876 433 2920 conjecturam
469 2885 624 2921 quoque
658 2880 722 2920 μιῇ
760 2885 830 2920 pro
863 2873 916 2919 ἑῇ,
950 2885 1065 2920 quam
1101 2875 1356 2919 proposuerat
1387 2873 1546 2915 Quaest.
1585 2874 1709 2909 Nonn.
1750 2874 1773 2917 I,
1806 2875 1863 2917 27,

172 2945 248 2971 non
274 2935 436 2979 accepit.

221 2991 250 3035 ²)
280 2993 332 3029 Ita
358 2993 563 3036 Hermann,
589 2993 708 3038 Orph.
733 2994 813 3029 819.
1065 2990 1095 3035 “)
1123 2992 1206 3028 Par.
1233 2990 1296 3035 XI,
1326 2992 1402 3028 136.

223 3049 251 3094 ⁸)
281 3051 361 3087 Par.
388 3052 448 3095 IV,
476 3052 542 3088 116
559 3049 599 3095 †.
1068 3048 1097 3094 ⁸)
1126 3050 1184 3086 Cf.
1207 3051 1264 3096 Jo.
1290 3049 1390 3093 XIX,
1416 3051 1519 3085 4—7.

223 3110 251 3154 ⁴)
281 3111 361 3146 I’ar.
388 3109 486 3154 XIX,
515 3112 568 3146 ll.
1070 3107 1098 3153 ¹)
1122 3110 1179 3156 Jo.
1206 3108 1306 3153 XIX,
1332 3110 1438 3153 5sq..

1926 2268 1977 2311 N.
2005 2269 2075 2311 53.
