2180 3606
960 214 1039 256 117

212 340 314 383 Loci
339 340 639 395 Paraphrasis‚
663 342 828 395 quibus
852 343 992 397 agitur
1011 342 1065 384 de
1085 341 1246 386 Christi
1266 343 1505 397 supplicio,
1524 343 1778 397 frequentes
1797 345 1838 385 et

155 411 341 453 maxime
360 411 579 454 notabiles
597 413 711 454 sunt.
731 410 876 461 Quare
891 413 1078 467 primum
1093 424 1172 455 eos
1186 412 1531 467 perscribendos
1544 424 1643 455 esse
1658 424 1834 455 censeo.

200 514 281 550 Par.
308 514 406 556 XIX.
432 517 499 552 28:
550 519 727 561 σταυρῷ
754 513 1007 561 σύμπλοκος
1032 506 1175 561 οὗτος,
1203 513 1387 563 έπὴορος
1410 516 1451 561 ¹),
1479 514 1637 562 ὄρθιος
1663 512 1776 551 ἔστω

433 588 500 623 29:
548 587 624 620 καὶ
650 587 752 621 ποσὶ
778 587 852 621 καὶ
877 585 1105 633 παλάμῃσι
1132 585 1316 633 σιδήρεα
1340 587 1502 634 κέντρα
1527 588 1723 631 κομίζων
1743 587 1787 632 ²).

432 682 500 718 31:
550 675 675 725 ὑμεῖς
704 679 957 727 τετραπόρῳ
984 680 1244 726 σφηκώσατε
1272 686 1433 717 τοῦτον
1459 679 1639 728 ὀλέθρῳ
1661 681 1705 726 ⁸).

432 777 500 811 47:
1256 773 1513 822 ἀμφότερον
1538 775 1633 823 γάρ,

433 847 500 882 48:
549 846 622 879 καὶ
649 849 826 892 σταυρῷ
853 845 1109 890 δαμάσαιμι
1134 847 1221 886 καί,
1249 843 1301 891 ἢν
1327 843 1488 887 έθέλω,
1516 855 1563 882 σε
1586 844 1772 891 μεθήσω
1795 846 1838 891 ⁴).

432 942 499 976 72:
550 943 712 975 τοῦτον
739 936 854 975 ἑλὼν
880 937 1141 986 σταύρωσον
1167 936 1405 985 έλεγχὶστῳ
1432 942 1521 975 τινὶ
1546 938 1717 986 πότμῳ·

433 1012 499 1047 73:
549 1007 708 1056 ὄρθιος
733 999 864 1054 οὗτος
889 1007 1043 1045 ὄλοιτο
1069 1008 1383 1057 σιδηροφόρων
1411 1007 1496 1045 ἀπὸ
1522 1009 1710 1056 γόμφων

433 1084 500 1118 74:
551 1079 802 1127 δουρατέου
827 1079 1049 1116 θανάτοιο
1075 1081 1234 1125 ταθεὶς
1259 1079 1487 1127 τετραζυγι
1516 1083 1668 1127 δεσμῷ
1687 1080 1730 1126 ¹⁵).

434 1164 501 1199 76:
552 1159 742 1208 δούρασι
766 1161 1124 1207 γομφοτόμοισιν
1150 1159 1235 1207 ἐγὼ
1260 1161 1502 1207 γομφωτόν
1529 1160 1661 1208 ε’άσας

432 1235 499 1270 77:
549 1232 759 1279 κοίρανον
784 1227 954 1275 ὑμείων
979 1229 1122 1267 ὀλέσω
1147 1230 1377 1279 ποινὴτορι
1403 1231 1560 1278 πότμῳ
1583 1232 1641 1277 ⁰);

431 1317 498 1352 87;
830 1315 904 1349 καὶ
930 1313 1125 1361 σταυρὸν
1152 1310 1267 1359 ἔχων
1293 1311 1367 1350 έὸν
1394 1311 1527 1360 αὐτὸς
1550 1311 1713 1360 Ἰησοῦς
1735 1315 1778 1360 Ί).

432 1399 499 1434 92:
550 1395 611 1442 εἰς
637 1396 750 1444 δόρυ
776 1396 1105 1445 τετράπλευρον
1131 1394 1321 1444 ἐπήορον
1347 1393 1494 1440 ὑψόθι
1519 1399 1643 1443 γαίης

431 1470 498 1505 93:
549 1465 712 1513 ὄρθιον
738 1463 1048 1512 ε’ξετὰνυσσαν,
1076 1464 1410 1513 έπισφίγξαντες
1436 1465 1602 1514 ἀνάγκη

432 1541 499 1575 94:
549 1536 829 1583 πεπταμένας
855 1534 1071 1585 ἑκάτερθε
1099 1538 1310 1585 σιδηρεὶῳ
1336 1540 1425 1574 τινὶ
1452 1541 1604 1585 δεσμῷ

432 1611 498 1648 95;
548 1613 712 1656 χεῖρας,
740 1605 1029 1656 ὁμοτρὴτοισι
1053 1607 1336 1655 πεπαρμένον
1363 1606 1487 1654 ἀζυγι
1513 1607 1672 1655 γόμφῳ

431 1682 499 1718 96;
550 1678 739 1716 διπλόον
765 1676 891 1725 ἕλκος
916 1676 1090 1725 ἔχοντα,
1118 1684 1197 1725 μιῇ
1223 1679 1521 1726 τετορημένον
1547 1676 1661 1726 ὁρμῇ

432 1753 499 1788 97;
549 1751 708 1785 ποσσὶν
733 1747 1092 1794 ὸμοπλεκέεσσιν,
1120 1747 1325 1794 ἁκαμπέα
1351 1749 1521 1794 δεσμὸν
1547 1747 1758 1797 ὀλέθρου.

431 1824 499 1859 98:
549 1819 747 1867 κέντροις
773 1815 1129 1856 δ’ἀντιτύποισιν
1154 1817 1225 1855 έπὶ
1252 1824 1466 1866 σταυροῖο
1492 1818 1712 1864 δεθέντας

432 1894 499 1930 99;
551 1890 842 1936 νυκτιλόχους
868 1888 953 1926 δύο
979 1894 1131 1935 φῶτας
1156 1886 1223 1926 ένὶ
1249 1888 1453 1936 ξύνωσαν
1478 1888 1658 1937 ὀλέθρῳ
1679 1890 1722 1935 ⁵³).

413 1977 498 2012 107:
550 1971 719 2009 ὁππόθι
745 1985 825 2017 μιν
851 1977 1065 2019 σταυροῖο
1091 1971 1414 2018 συνεκληισσαν
1440 1970 1540 2018 ὀχῆι
1563 1972 1606 2018 ⁹).

413 2060 500 2095 115:
1305 2052 1509 2101 ὑψιφανῆ
1535 2055 1585 2091 δὲ

412 2130 498 2166 116;
546 2124 713 2173 Ἰησοῦν
739 2125 979 2168 ἀτίνακτον
1006 2123 1335 2174 ὑποδρηστῆρες
1360 2123 1560 2173 ὀλέθρου

411 2202 499 2237 117;
549 2196 739 2234 ε’κταδὸν
765 2195 1051 2246 ὀρθώσαντες
1076 2195 1146 2233 έπὶ
1172 2202 1385 2245 σταυροῖο
1412 2196 1608 2234 δεθέντα
1634 2198 1691 2242 ¹⁰).

414 2285 502 2320 134:
552 2278 709 2327 ε’γγύθι
736 2280 788 2317 δὲ
814 2284 1027 2327 σταυροῖο
1052 2280 1110 2326 ¹¹).

412 2367 500 2403 167:
549 2363 611 2409 μὴ
634 2365 709 2399 καὶ
734 2361 805 2400 ἐπὶ
831 2367 1044 2410 σταυροῖο
1069 2363 1291 2409 πεπηγότα
1317 2362 1502 2407 σώματα
1527 2364 1669 2409 μίμνῃ
1695 2363 1752 2409 ¹²).

206 2460 231 2504 ¹)
260 2461 318 2498 Cf.
345 2473 380 2498 n.
406 2462 462 2498 93.
1042 2457 1069 2503 ⁸)
1093 2460 1150 2506 10.
1177 2460 1271 2502 ΧΙΧ,
1298 2459 1341 2495 6;
1369 2458 1591 2501 σταύρωσον,
1617 2458 1837 2501 σταύρωσον.

203 2518 231 2562 ³)
255 2521 312 2567 10.
339 2521 436 2563 XIX,
485 2521 530 2556 6:
568 2518 695 2564 λάβετε
721 2519 836 2554 αὑτὸν
864 2519 964 2563 ὑμεῖς
989 2518 1053 2552 καὶ
1079 2517 1320 2561 σταυρώσατε.

203 2578 231 2622 ⁴)
254 2580 311 2626 10.
337 2579 435 2622 XIX,
463 2580 528 2616 10:
568 2576 739 2620 ἐξουσίαν
765 2576 833 2623 ἔχω
858 2577 1044 2612 ἀπολῦσαι
1069 2588 1106 2611 σε
1132 2576 1196 2610 καὶ
1222 2575 1392 2617 ἐξουσίαν
1419 2574 1487 2620 ἔχω
1513 2574 1719 2618 σταυρῶσαί
1745 2587 1793 2610 σε.

203 2636 228 2680 ⁵)
251 2638 308 2685 Jo.
336 2638 432 2681 XIX,
461 2639 526 2675 15:
565 2633 668 2680 ἆρον,
696 2633 800 2681 ἆρον,
826 2637 1037 2680 σταύρωσον
1063 2633 1188 2670 αὐτόν.

203 2694 232 2739 ⁸)
255 2697 311 2744 1ο.
338 2697 435 2741 XIX,
464 2699 529 2734 15:
566 2696 630 2731 τὸν
657 2694 808 2742 βασιλέα
834 2696 935 2740 ὑμῶν
961 2695 1179 2738 σταυρώσω;

204 2754 231 2799 ⁷)
254 2756 310 2802 10.
337 2756 434 2799 XIX,
463 2757 526 2792 17:
564 2754 752 2801 βαστάζων
779 2753 896 2801 ἑαυτῷ
922 2754 986 2789 τὸν
1012 2751 1185 2797 σταυρόν.
1211 2753 1319 2795 Quae
1346 2753 1583 2798 praecedunt
1609 2764 1643 2788 v.
1675 2751 1836 2790 16:5²1oe-

151 2816 349 2860 σταυρωθῇ
375 2815 538 2851 Nonnus
564 2815 847 2851 circumscribit
872 2814 1067 2850 mentione
1093 2813 1220 2848 crucis
1245 2822 1322 2847 non
1349 2811 1463 2847 facta.

202 2870 231 2915 ⁸)
254 2873 311 2920 10.
338 2873 436 2916 XIX,
464 2874 528 2910 18:
568 2871 662 2907 ὅπου
689 2871 804 2907 αὐτὸν
832 2870 1064 2914 ἐσταύρωσαν
1090 2870 1154 2904 καὶ
1178 2866 1253 2914 μετ’
1282 2870 1398 2904 αὐτοῦ
1425 2868 1556 2909 ἄλλους
1580 2869 1659 2903 δύο.

203 2930 231 2975 ⁹)
254 2932 311 2978 JO.
338 2931 436 2975 XIX,
461 2932 529 2967 20:
568 2929 663 2966 ὅπου
689 2925 906 2974 ἐσταυρώθη
934 2928 952 2963 ὁ
974 2926 1126 2973 Ἰησοῦς.

189 2988 234 3032 '⁰)
256 2990 313 3037 Jo.
340 2989 437 3033 XIX,
462 2991 530 3026 23:
569 2988 627 3024 ὅτε
652 2985 887 3033 ἐσταύρωσαν
911 2987 976 3023 τὸν
994 2986 1150 3032 Ἰησοῦν.

189 3047 233 3092 ¹¹)
256 3049 313 3096 Jo.
340 3048 438 3091 XIX,
463 3049 530 3084 25:
568 3047 672 3092 παρὰ
694 3053 744 3094 τῷ
770 3052 922 3093 σταυρῷ.

189 3105 234 3152 ¹⁸)
256 3108 313 3154 10.
341 3107 438 3151 XIX,
463 3108 503 3143 31
523 3119 531 3142 z
569 3105 631 3141 ἴνα
656 3106 703 3151 μὴ
729 3104 834 3153 μείνῃ
859 3104 920 3139 ἐπὶ
944 3110 1009 3139 τοῦ
1035 3110 1194 3148 σταυροῦ
1221 3103 1267 3138 τὰ
1291 3104 1448 3149 σώματα.
