2180 3606
190 1329 242 1373 N.
270 1329 311 1373 6.

1178 167 1206 210 8

343 299 589 353 Utrumque
622 299 704 341 hac
736 309 848 340 voce
881 296 1121 352 significari
1146 307 1282 351 posse
1306 307 1439 350 quam
1464 296 1757 339 certissimum
1782 297 1849 338 est
1866 292 1911 349 ¹).
1945 295 2038 338 Nec

342 372 487 413 tamen
527 370 735 424 equidem
769 368 925 410 dubito
959 367 1103 410 facere
1137 379 1236 410 cum
1271 365 1457 410 Daniele
1491 366 1676 409 Heinsio
1711 367 1752 408 in
1785 365 2038 409 Aristarcho

342 452 484 491 sacro,
527 441 603 494 qui
645 439 766 494 apud
810 438 1018 480 Nonnum
1061 438 1164 480 huic
1206 438 1306 480 voci
1341 438 1567 480 notionem
1604 436 1671 488 „D
1688 436 1915 491 eipara’'
1945 437 2039 479 vult

342 522 443 554 esse
476 511 737 566 subiectam.
773 508 893 551 Haec
927 509 1044 551 enim
1078 508 1346 563 significatio
1379 509 1545 563 optime
1579 508 1783 563 congruit
1815 510 1901 550 tam
1926 508 2038 552 locis

343 582 488 624 citatis
521 582 575 623 de
604 580 745 623 Maria
772 591 906 633 quam
930 579 1165 621 vocabulis
1188 585 1490 633 ἀγλαόπαις
1510 577 1543 633 “·’)
1568 582 1609 621 et
1631 585 1969 634 ἀρσενόπαις
1989 576 2037 633 ³),

342 664 457 706 quae
492 652 535 694 in
569 650 832 704 Paraphrasi
861 652 1028 692 tantum
1053 650 1279 692 transitive
1303 650 1446 704 accipi
1472 652 1676 705 possunt.
1709 648 1892 692 Accedit
1915 651 2038 704 quod

343 721 594 777 Sophocles
628 722 671 763 in
706 721 849 763 lexico
873 732 956 764 suo
981 732 1112 763 unam
1136 723 1303 763 tantum
1328 720 1460 775 hujus
1483 722 1609 764 vocis
1633 721 2037 775 interpretationem

343 793 488 843 habet,
508 804 569 835 sc.
594 804 661 844 „w
679 792 706 834 h
726 804 752 834 o
770 803 792 834 s
812 803 834 834 e
869 803 891 834 c
911 791 1047 834 hild
1081 792 1133 834 is
1167 792 1224 834 di
1245 792 1300 833 vi
1322 803 1347 833 n
1367 791 1418 834 e’'
1434 788 1480 845 ⁴).
1505 791 1608 834 Inde
1629 791 1672 833 id
1691 791 1845 834 saltem
1865 791 2038 834 efficere

343 864 449 905 mihi
483 863 639 905 videor
671 874 770 905 eurn
806 874 1067 918 persuasum
1098 863 1261 905 habere
1299 862 1419 917 apud
1448 863 1689 917 scriptores
1717 863 1884 905 saeculi
1910 863 2037 917 primi

342 946 381 976 a.
399 932 502 978 Chr.
523 946 563 976 n.
588 945 731 988 usque
754 934 810 976 ad
834 936 1039 977 auctores
1063 933 1229 977 saeculi
1255 946 1297 988 p.
1317 931 1420 977 Chr.
1440 945 1480 976 n.
1508 933 1730 976 undecimi
1755 933 1886 976 aliam
1906 934 2039 989 hujus

342 1005 550 1048 vocabuli
588 1005 816 1048 notionem
845 1017 933 1047 non
958 1005 1220 1047 occurrisse.
1245 1003 1413 1047 Tamen
1437 1004 1568 1047 video
1591 1003 1832 1047 Antonium
1856 1003 2040 1048 Balleri-

343 1088 447 1119 num
480 1077 523 1118 in
558 1076 770 1135 vertendo
804 1087 1009 1119 sermone
1043 1074 1086 1119 S.
1121 1074 1346 1126 Germani,
1367 1076 1640 1130 patriarchae
1656 1073 2040 1131 Constantinopo-

343 1147 480 1198 litani,
514 1148 557 1189 in
592 1148 841 1202 ingressum
885 1147 1195 1190 sanctissimae
1240 1144 1474 1201 Deiparae,
1508 1147 1582 1189 ubi
1618 1146 1735 1188 idem
1769 1147 2038 1190 vocabulum

342 1218 557 1273 scriptum
592 1218 795 1273 legimus,
830 1218 900 1260 bis
933 1218 1172 1272 scripsisse
1206 1216 1317 1268 „Dei
1350 1216 1468 1260 filia'’
1490 1214 1537 1272 5).
1572 1215 1654 1261 Cui
1689 1230 1778 1260 non
1804 1219 2039 1261 assentior.

403 1329 598 1373 Alterum
647 1329 912 1372 beneficium
961 1330 1086 1372 matri
1135 1328 1316 1372 Domini
1366 1330 1606 1385 praecipue
1654 1330 1818 1381 datum,
1866 1330 1909 1372 in
1948 1341 2039 1385 quo

344 1401 649 1444 confirmando
692 1403 734 1444 et
773 1400 1054 1444 testificando
1095 1401 1284 1444 Nonnus
1325 1401 1490 1444 multus
1534 1404 1613 1453 est,
1657 1404 1870 1457 perpetua
1906 1403 2040 1456 atque

343 1475 555 1516 constans
588 1475 655 1515 est
688 1472 784 1527 eJus
816 1473 1046 1527 virginitas
1063 1469 1109 1524 6).
1144 1471 1210 1515 De
1244 1484 1334 1527 qua
1366 1474 1476 1515 haec
1509 1473 1665 1515 habet:

390 1561 473 1598 Par.
500 1561 540 1604 11,
565 1561 606 1597 9:
655 1557 906 1605 παρθενικὴ
931 1561 1147 1605 Χριστοῑο
1173 1557 1391 1604 θεητόκος
1417 1557 1537 1594 ἵκετο
1562 1556 1706 1606 μήτηρ

545 1627 607 1662 10;
658 1621 867 1671 ἀχράντῳ
893 1623 1076 1670 παλάμῃ
1101 1624 1262 1669 γαμιής
1287 1621 1499 1666 ψαύουσα
1525 1621 1752 1671 τραπέζης,

544 1692 605 1728 11:
655 1688 926 1734 παιδοτόκος
952 1688 1249 1735 φυγόδεμνος,
1277 1686 1347 1724 ἀεὶ
1373 1688 1637 1733 μεθέπουσα
1662 1689 1853 1736 κορεὶην.

541 1757 605 1793 66:
655 1754 904 1802 παρθένοςς
930 1756 1029 1798 ΧΙΧ,
1058 1756 1142 1792 139:
1174 1753 1483 1800 φιλόπαρθενε
1509 1758 1663 1800 μῆτερ.

520 1823 605 1858 141:
655 1818 968 1868 παρθενική...
995 1823 1089 1855 σεῖο
1114 1823 1331 1863 τεκοῦσα,·
1359 1822 1443 1857 143:
1469 1816 1701 1866 παρθένον
1726 1815 1937 1855 εὐώδινα.

521 1889 606 1924 144ε
1175 1887 1250 1921 καὶ
1276 1883 1468 1932 ἄσπορος
1494 1880 1592 1921 ἔσκε
1618 1882 1828 1930 τεκούσης

522 1954 606 1990 145:
658 1948 766 1997 υἱός,
795 1949 905 1999 ἀνὴρ
931 1948 1189 1997 ἀλόχευτος,
1216 1948 1512 1998 ἀπειρώδινος
1538 1947 1742 1995 ἀνάσσης.

403 2023 527 2075 Quae
572 2026 723 2068 omnia
765 2026 977 2068 evincunt
1017 2025 1179 2068 Nonno
1222 2024 1617 2080 persuasissimum
1665 2023 1805 2066 fuisse
1854 2023 2039 2066 Mariam

343 2097 607 2152 virginitatis
639 2097 779 2139 decus
812 2097 1029 2139 illibatum
1063 2108 1241 2151 semper
1274 2096 1522 2138 retinuisse.
1556 2095 1648 2137 Nec
1676 2095 1773 2138 sine
1796 2106 1932 2138 causa
1955 2096 2040 2138 hoc

343 2168 510 2210 Mariae
544 2168 842 2223 privilegium,
876 2168 1034 2210 silente
1062 2167 1249 2222 Joannis
1272 2165 1520 2221 evangelio,
1544 2166 1778 2220 copiosius
1802 2166 2042 2220 explicavit

344 2241 386 2281 et
418 2241 681 2293 persecutus
714 2241 794 2281 est.
829 2238 1000 2281 Etenim
1034 2240 1231 2280 extremo
1254 2237 1436 2280 saeculo
1460 2237 1617 2290 quinto
1637 2235 1900 2291 Jovinianus
1926 2236 2041 2287 „vir-

344 2309 570 2364 ginitatem
609 2309 776 2352 Mariae
810 2309 1079 2360 destruebat,
1113 2309 1269 2351 dicens
1302 2320 1398 2351 eam
1433 2307 1649 2362 pariendo
1681 2306 1822 2350 fuisse
1855 2318 2041 2362 corrup-

344 2380 460 2422 tam”
478 2377 524 2434 ⁷),
549 2380 784 2423 Helvidius
806 2382 952 2422 autem
977 2382 1019 2422 et
1040 2378 1509 2422 Antidicomarianitae
1531 2378 1716 2421 Mariam
1742 2380 1845 2432 post
1867 2370 2039 2432 partum

343 2451 559 2506 virginem
603 2464 692 2494 non
726 2451 1027 2506 permansisse
1060 2450 1141 2493 sed
1175 2450 1385 2504 nupsisse
1414 2448 1613 2504 Josepho
1647 2449 1977 2491 contendebant
1993 2445 2040 2502 Β).

345 2519 434 2563 Sed
484 2522 565 2564 has
618 2522 858 2577 opiniones
910 2522 1019 2564 satis
1068 2522 1152 2564 late
1205 2520 1391 2563 diffusas
1445 2531 1544 2562 esse
1590 2519 1693 2562 inde
1742 2521 1875 2574 patet,
1918 2519 2040 2573 quod

346 2591 642 2647 Hieronymus
684 2605 848 2648 operae
890 2593 1077 2648 pretium
1119 2604 1219 2635 esse
1262 2592 1388 2634 duxit
1429 2592 1472 2634 in
1516 2591 1706 2646 singulis
1750 2602 1775 2633 a
1817 2601 1865 2633 se
1909 2590 2042 2633 editis

397 2718 425 2823 ’,ξ
453 2719 737 2823 ga.r.nlv7,2·252;
764 2780 862 2824 XXI,
887 2781 953 2823 91;
980 2779 1029 2816 cf.
1057 2790 1092 2816 n.
1118 2781 1175 2816 72.
1300 2777 1329 2823 ⁸)
1357 2779 1440 2815 Par.
1468 2779 1528 2822 Ν,
1553 2779 1599 2815 55
1625 2775 1676 2822 †;
1704 2777 1753 2813 cf.
1780 2788 1815 2813 n.
1841 2777 1897 2813 72.

395 2836 425 2878 ⁴)
453 2838 493 2874 E.
527 2838 570 2874 A.
605 2837 833 2883 Sophocles,
867 2838 993 2875 Greek
1018 2839 1172 2875 lexicon
1199 2838 1241 2874 of
1266 2839 1330 2875 the
1357 2837 1504 2876 Roman
1530 2837 1606 2873 and
1633 2836 1846 2881 Byzantine
1872 2837 2041 2881 periods,

345 2906 376 2933 s.
403 2907 438 2933 ν.
463 2895 635 2936 θεόπαις.

397 2952 426 2998 ⁸)
453 2956 505 2991 Μ.
532 2955 572 2991 Ρ.
600 2954 646 2992 G.
672 2955 835 2999 XCVIll,
860 2957 948 3000 291;
974 2957 1055 2993 299.
1294 2954 1324 3000 ⁶)
1352 2955 1410 2992 Cf.
1440 2956 1481 2991 K.
1509 2955 1662 2999 Kuiper,
1689 2964 1724 2991 o.
1751 2955 1785 2998 1.,
1812 2964 1847 3000 p.
1874 2955 1943 2990 362
1969 2964 2039 2999 sq..

398 3011 559 3057 )Μ.Ρ
563 3014 636 3050 ..L
663 3014 770 3056 XLll‚
796 3016 853 3057 45,
877 3016 976 3060 Aug.
1002 3017 1049 3052 de
1076 3015 1232 3052 Haeres.
1258 3016 1314 3051 82.

397 3070 427 3117 Β)
453 3073 505 3108 Μ.
564 3073 638 3109 .L.
665 3073 794 3117 XXlll,
820 3075 900 3117 203,
928 3075 1028 3110 Hier.
1054 3075 1141 3111 adv.
1169 3075 1277 3111 Helv.
1307 3075 1360 3110 19.
