2180 3606
182 593 350 639 Studiis
373 595 642 638 academicis
665 594 796 637 finem
819 593 1015 637 facturus
1040 596 1163 649 grato
1185 595 1334 637 animo
1358 595 1578 646 recordor,
1597 596 1809 649 quantum

123 677 230 720 viris
258 676 517 720 clarissimis
546 675 622 720 Six
650 678 692 718 et
718 675 846 718 Beer<
869 676 1070 726 debeam,
1094 688 1282 730 quorum
1307 676 1574 719 lectionibus
1597 677 1810 719 interesse

123 759 228 801 mihi
263 759 448 814 contigit
480 760 522 801 et
554 757 720 813 profuit
744 757 997 811 plurimum.
1019 757 1176 811 Neque
1200 769 1395 812 unquam
1418 758 1524 809 fore,
1548 760 1594 801 ut
1616 758 1812 801 clarissi-

123 851 292 882 morum
340 840 533 882 virorum
577 849 667 882 νΑΝ
712 839 891 891 Memfi,
934 838 1173 890 VALETON,
1216 839 1436 884 KARSTr-:N
1479 841 1553 895 pia
1600 841 1812 883 memoria

122 933 364 976 eorumque
407 922 608 964 doctrina
650 933 810 976 magna
851 932 1025 964 necnon
1057 933 1232 964 summa
1263 934 1366 977 erga
1398 934 1466 965 me
1499 922 1812 965 benevolentia

122 1015 176 1046 ex
216 1004 366 1046 animo
408 1003 597 1055 excidat,
641 1003 899 1057 quicunque
941 1003 1182 1045 eorundem
1216 1003 1464 1046 eruditione
1497 1016 1670 1047 mecum
1703 1015 1812 1047 usus

122 1086 202 1136 est,
235 1084 364 1128 facile
398 1085 635 1140 intelleget.

179 1165 232 1209 At
263 1169 323 1218 tu,
355 1167 423 1209 vir
449 1166 694 1209 clarissime
722 1166 913 1217 KUIPER‚
938 1168 1166 1221 promotor
1187 1168 1573 1218 aestumatissime,
1597 1168 1809 1223 singulari

122 1260 305 1304 prorsus
338 1249 473 1291 modo
507 1248 717 1303 discipuli
751 1248 947 1291 animum
980 1249 1060 1291 tibi
1095 1249 1348 1292 devinxisti.
1381 1247 1483 1299 Quo
1517 1250 1633 1292 enim
1662 1249 1811 1292 studio

122 1333 164 1374 et
215 1343 365 1374 amore
421 1331 709 1374 humanitatis
762 1332 894 1385 atque
947 1332 1185 1374 litterarum
1235 1343 1491 1386 graecarum
1540 1332 1638 1386 ipse
1684 1332 1813 1374 ardes

118 1424 385 1468 semperque
414 1414 575 1465 arsisti,
600 1413 758 1456 eodem
783 1412 1106 1468 discipulorum
1129 1414 1301 1457 animas
1324 1414 1561 1457 incendere
1584 1426 1811 1468 nunquam

119 1497 302 1540 desinis.
337 1495 438 1547 Quo
470 1496 634 1539 factum
669 1498 748 1548 est,
782 1498 828 1540 ut
859 1508 1044 1552 graecas
1077 1497 1244 1540 litteras
1271 1496 1419 1539 latinis
1446 1496 1655 1551 equidem
1684 1508 1813 1551 prae-

119 1579 360 1634 posuerim.
413 1578 643 1622 Praeterea
695 1579 878 1630 ordinis,
932 1579 1060 1634 cujus
1112 1591 1225 1631 sum,
1274 1579 1421 1622 clerici
1470 1578 1811 1633 studiorumque

120 1662 287 1704 ratione
329 1661 493 1712 habita,
537 1662 583 1704 ut
625 1661 668 1703 in
712 1661 874 1704 Nonno
918 1662 1174 1712 christiano,
1213 1661 1431 1717 evangelii
1459 1661 1647 1716 Joannei
1683 1673 1813 1716 para-

124 1744 316 1798 phrasta‚
351 1743 619 1799 explicando
653 1744 801 1786 studia
834 1744 1109 1799 inauguralia
1142 1756 1367 1799 ponerem,
1401 1745 1507 1786 mihi
1538 1745 1812 1799 proposuisti

126 1828 168 1869 et
215 1826 258 1868 in
303 1837 356 1869 eo
399 1826 629 1868 tractando
673 1825 878 1880 prudenti
924 1825 1129 1876 consilio,
1173 1837 1348 1869 summa
1389 1826 1703 1869 benevolentia
1743 1839 1813 1869 me

120 1908 342 1963 adiuvisti.
377 1906 678 1958 Quamobrem
712 1909 916 1964 pergrato
949 1919 1126 1963 semper
1157 1909 1306 1951 animo
1340 1920 1409 1951 me
1441 1910 1503 1951 tui
1538 1920 1637 1952 esse
1666 1921 1813 1952 recor-

123 1990 325 2033 daturum
360 1990 582 2044 profiteor.

179 2071 293 2114 Viris
331 2072 591 2115 clarissimis
629 2071 909 2115 Bolssssva
943 2074 984 2114 et
1016 2071 1087 2114 DE
1119 2071 1262 2124 ΒΟΕΗ,
1297 2085 1485 2127 quorum
1521 2073 1690 2116 scholis
1723 2086 1812 2116 non

121 2153 308 2205 interfui,
343 2156 389 2196 ut
420 2154 610 2197 officiosi
645 2166 748 2210 erga
780 2166 849 2197 me
882 2154 1059 2197 fuerunt
1087 2155 1156 2197 his
1184 2155 1358 2207 diebus,
1386 2156 1569 2210 gratiam
1599 2156 1811 2210 rependo.

178 2235 384 2291 Denique
427 2235 571 2280 facere
610 2248 698 2279 non
733 2247 934 2291 possum,
969 2237 1076 2291 quin
1111 2237 1327 2280 maximas
1359 2238 1521 2292 gratias
1554 2249 1682 2293 agam
1716 2239 1810 2280 viro

121 2319 255 2361 docto
289 2318 463 2361 EGEL1E
496 2330 576 2374 pro
609 2330 785 2361 summo
819 2330 916 2371 suo,
951 2319 1072 2373 quod
1107 2320 1150 2361 in
1177 2320 1263 2362 hoc
1287 2320 1508 2374 opusculo
1532 2320 1813 2363 conficiendo

121 2401 226 2443 mihi
262 2400 716 2445 benevolentissimus
749 2402 978 2456 praestitit,
1013 2402 1234 2456 obsequio
1269 2404 1309 2444 et
1341 2401 1546 2446 consilio.
