2180 3606
985 210 1066 253 153

177 340 371 395 Apparet
415 343 560 384 autem
608 339 816 382 Nonnum
860 339 1043 381 omnino
1086 350 1174 380 non
1219 338 1470 381 discernere
1512 336 1633 379 aliud
1675 336 1731 378 ab
1773 337 1861 379 alio

179 411 397 454 vocabula
430 418 752 463 πλόκαμος,
784 417 948 463 κόμη,
974 419 1165 463 χαίτη,
1193 413 1423 464 ἔθειρα.
1454 406 1712 450 promiscue
1746 407 1861 448 enirn

178 481 344 523 Mariae
366 493 518 524 comas
541 480 700 534 capitis
722 481 853 522 vocat
873 487 1130 532 πλοκάμους
1149 488 1191 533 ¹),
1218 488 1376 532 χαίτην
1394 486 1437 532 ³),
1461 478 1565 520 dum
1589 477 1688 531 ipsa
1705 476 1864 518 dicitur

177 561 469 607 καλλὶεθειρα
492 553 532 593 et
553 556 759 604 ἠύκομος.
792 549 948 603 Neque
970 549 1061 591 fieri
1087 551 1247 604 potest,
1271 551 1317 591 ut
1338 560 1449 591 Voce
1471 555 1699 600 πλόκαμος
1724 547 1863 588 tortos

179 621 322 664 crines
354 620 665 676 designaverit,
698 620 921 662 vocabulo
952 629 1084 673 χαίτη
1111 619 1301 673 capillos
1324 629 1499 672 passos.
1532 617 1725 660 Detersit
1746 617 1863 659 enim

177 691 318 733 Maria
350 689 512 735 Christi
547 690 686 745 pedes
718 693 802 730 Par.
829 693 890 737 XI,
915 694 959 729 6:
992 690 1252 736 πλοκάμοις,
1281 693 1358 736 XII,
1387 694 1450 729 15:
1492 688 1694 735 μαχλάδι
1719 689 1864 734 χαίτῃ.

178 760 407 803 Praeterea
439 759 602 804 Christi
637 760 781 802 crInes
815 757 909 800 Par.
943 757 1033 807 XX,
1066 758 1121 799 37
1155 757 1361 799 dicuntur
1392 764 1615 809 πλόκαμοι
1647 755 1743 797 sine
1776 754 1866 797 ulla

178 830 453 873 dubitatione
483 831 628 873 crines
651 841 740 872 non
763 829 877 879 torti,
903 827 1128 881 iidemque
1161 832 1244 868 Par.
1271 832 1353 874 XX,
1379 832 1448 867 29:
1485 830 1616 875 χαίτη
1638 826 1864 867 vocantur.

225 908 388 955 Κόμη
420 901 577 956 legitur
609 899 704 943 Par.
739 899 839 950 VIII,
873 899 929 941 96
962 900 1003 940 et
1035 899 1090 940 de
1122 896 1273 939 Aeone

224 975 307 1012 Par.
333 976 394 1020 VI,
423 977 511 1012 178:
1097 967 1179 1015 ἕως
1205 972 1412 1014 δολιχοῖο
1436 971 1678 1015 γενείου

426 1047 513 1082 179:
564 1041 827 1089 ἀμφιλαφὴς
851 1044 1030 1088 πολιῇσι
1054 1040 1204 1085 κόμη
1219 1052 1244 1076 ν
1269 1040 1552 1075 λευκαὶνεται
1577 1038 1709 1076 Αἰών.

226 1125 476 1162 Γένειον
517 1118 663 1159 autem
702 1118 896 1158 mentum
931 1117 997 1157 est
1029 1115 1098 1157 vel
1133 1113 1283 1164 barba,
1317 1124 1433 1167 quae
1466 1113 1509 1155 in
1543 1115 1691 1155 mento
1724 1112 1864 1155 alitur.

177 1185 251 1230 Sic
293 1186 445 1229 Annas
489 1187 649 1229 dicitur
689 1191 1143 1241 squvyae'vszog2).
1176 1181 1264 1226 Sed
1299 1184 1456 1226 ceteris
1489 1183 1614 1234 locis,
1648 1183 1722 1226 ubi
1757 1184 1866 1225 haec

176 1270 265 1300 vox
297 1258 486 1301 occurrit
518 1257 572 1300 de
605 1268 717 1299 aevo
751 1253 932 1310 dicta⁴)‚
967 1255 1148 1309 planum
1182 1256 1248 1297 est
1281 1266 1369 1296 non
1402 1254 1584 1296 barbam
1617 1254 1698 1297 sed
1731 1265 1867 1309 gene-

177 1329 390 1370 rationem
434 1328 564 1369 latam
608 1326 808 1376 indicari,
841 1326 900 1368 ita
932 1327 978 1367 ut
1009 1324 1144 1367 altera
1176 1324 1384 1367 vocabuli
1419 1335 1520 1378 pars
1553 1336 1578 1366 a
1610 1324 1746 1378 stirpe
1775 1344 1867 1378 γεν-

177 1397 369 1441 deducta
400 1399 469 1441 sit.

227 1473 440 1522 ’Υπὴνη
473 1467 631 1523 legitur
663 1466 759 1510 Par.
792 1465 932 1519 XVIII,
964 1465 1022 1508 93
1038 1464 1084 1519 †.

234 1607 465 1651 Vocabulo
501 1615 707 1662 κόσμος
739 1608 1028 1663 paraphrasta
1062 1606 1230 1649 centies
1263 1606 1396 1648 utitur
1428 1605 1628 1648 diversas
1661 1605 1866 1648 notiones

176 1679 215 1721 ei
248 1678 509 1733 subjiciens,
542 1690 604 1721 sc.
638 1678 859 1734 significat

181 1750 226 1791 1:
260 1760 442 1791 rerum
477 1751 748 1801 naturam,
782 1750 827 1792 ut
860 1748 956 1791 Par.
990 1748 1018 1800 I,
1050 1748 1100 1800 6;
1134 1749 1184 1799 7;
1218 1746 1352 1790 Dion.
1386 1747 1430 1798 II,
1463 1747 1562 1789 258.

176 1820 226 1862 2:
260 1820 537 1871 homines,
580 1821 655 1874 qui
700 1822 803 1863 sunt
844 1821 888 1862 in
931 1819 1113 1871 mundo,
1159 1819 1377 1872 imprimis
1415 1817 1628 1860 mundum
1662 1829 1868 1872 nequam,

176 1891 455 1945 saepissime,
488 1893 534 1933 ut
561 1889 656 1933 Par.
680 1890 708 1940 1,
730 1891 810 1942 27;
843 1890 922 1942 29;
956 1890 1139 1945 passim.
1173 1886 1272 1938 Qua
1295 1889 1337 1931 in
1363 1900 1406 1931 re
1424 1888 1640 1943 Joannem
1663 1890 1867 1930 sectatur.

175 1961 226 2003 3:
260 1962 532 2013 ornatum,
556 1961 862 2004 tantummodo
889 1971 973 2008 Par.
992 1971 1032 2015 II,
1054 1972 1118 2007 97:
1144 1969 1328 2004 λίθων
1354 1964 1650 2014 ἑτερόχροϊ
1670 1966 1867 2014 κόσμῳ,

177 2032 402 2086 praeterea
434 2035 547 2071 Dion.
574 2036 615 2079 II,
640 2037 734 2072 594:
784 2031 905 2080 ὄφρα
929 2045 1006 2070 κεν
1032 2030 1235 2078 ἀσκησειε
1260 2029 1505 2078 νεοζεύκτῳ
1529 2030 1605 2066 σέο
1631 2028 1784 2078 νύμφῃ

425 2111 516 2147 595:
567 2110 772 2145 ποικίλον
798 2106 985 2154 αὐχένος
1010 2105 1153 2156 ὀρμὸν
1178 2105 1368 2155 ἐύχροον
1393 2104 1554 2152 ἤνοπι
1578 2104 1779 2152 κόσμῳ,

176 2184 225 2236 V,
263 2183 367 2235 169;
401 2182 541 2234 XVIII,
575 2183 655 2235 91;
688 2183 886 2237 saepiuS.

94 2289 100 2297 .
174 2254 225 2297 4':
260 2253 498 2303 coelum,
533 2252 628 2295 Par.
662 2252 802 2305 XVIII,
834 2254 884 2295 21
925 2252 1225 2296 solummodo,

235 2323 408 2367 Primus
442 2322 716 2378 Pythagoras
748 2336 891 2367 rerum
921 2326 1118 2367 naturam
1142 2330 1312 2375 κόσμον
1334 2322 1444 2364 dixit
1467 2323 1647 2376 propter
1668 2321 1867 2364 ordinem

177 2395 274 2450 eius
316 2397 448 2449 atque
495 2396 695 2437 ornatum
713 2392 760 2449 ⁵).
798 2393 974 2437 Deinde
1006 2407 1031 2437 a
1064 2394 1351 2448 philosophis
1384 2392 1651 2435 vocabulum
1685 2393 1867 2434 mutuati

176 2468 279 2509 sunt
312 2467 470 2520 poetae
504 2467 546 2507 et
579 2466 752 2508 solutae
784 2465 1000 2508 orationis
1032 2468 1251 2514 auctores,
1286 2464 1362 2517 qui
1396 2474 1538 2505 rerum
1572 2465 1768 2505 naturam
1796 2464 1870 2505 aut

176 2547 247 2578 res
289 2536 343 2578 ad
388 2535 723 2590 philosophiam
767 2536 1039 2591 pertinentes
1080 2535 1427 2589 descripserunt.
1475 2532 1529 2575 Hi
1561 2544 1673 2575 voce
1704 2540 1870 2586 κόσμος

177 2606 539 2661 significaverunt
570 2608 645 2649 aut
677 2607 927 2649 universam
962 2618 1103 2648 rerum
1138 2607 1334 2647 naturam
1368 2605 1442 2646 aut
1464 2606 1631 2658 partem
1655 2603 1751 2658 eius
1773 2603 1868 2645 sive

176 2679 332 2719 terram
380 2677 476 2719 sive
519 2677 708 2719 coelum.
754 2677 845 2719 I-Iac
887 2688 998 2719 voce
1039 2687 1189 2718 revera
1231 2674 1470 2730 significari
1515 2685 1650 2729 posse
1694 2674 1868 2716 coelum

178 2746 363 2789 efficitur
406 2758 428 2788 e
470 2751 566 2788 Plat.
599 2751 699 2787 Tim.
733 2761 769 2796 p.
802 2751 849 2786 28
875 2751 927 2787 B:
961 2745 986 2784 ὁ
1014 2747 1070 2793 δὴ
1099 2751 1182 2792 πᾶς
1214 2744 1454 2794 οὐρανὸς
1478 2767 1524 2771 -
1549 2744 1575 2791 ἢ
1608 2745 1811 2790 κόσμος
1843 2743 1870 2790 ἢ

176 2814 269 2849 καὶ
303 2810 439 2848 ἄλλο
473 2810 499 2849 ὅ
534 2813 584 2848 τί
614 2824 745 2848 ποτε
771 2809 1190 2856 ὀνομαζόμενος
1214 2806 1394 2854 μάλιστ’
1428 2807 1483 2846 ἂν
1509 2808 1703 2855 δέχοιτο,
1732 2805 1865 2845 τοῦθ’

230 2983 258 3028 ¹)
284 2984 367 3021 Par.
393 2982 456 3027 XI,
481 2984 516 3020 6.
1076 2981 1105 3026 ⁴)
1133 2982 1216 3018 Par.
1243 2982 1298 3025 III,
1324 2982 1388 3025 79;
1416 2982 1476 3025 VI,
1504 2983 1581 3017 147.

230 3041 259 3086 ³)
286 3042 368 3078 Par.
394 3041 456 3086 XI,
482 3043 524 3085 7;
549 3041 628 3086 XII,
657 3044 710 3079 15.
1074 3039 1103 3085 ⁸)
1131 3040 1189 3077 cf.
1216 3041 1314 3077 Plut.
1341 3041 1438 3077 Mor.
1464 3051 1500 3085 p.
1525 3041 1606 3076 886.

229 3099 258 3145 3)
285 3101 367 3137 Par.
395 3099 525 3145 xvm,
551 3101 608 3137 92.

1901 1645 1903 1647 .
1928 1605 1980 1648 Ν.
2006 1604 2077 1648 88.
