2180 3606
1178 203 1236 244 84

360 334 568 388 Euripide
587 331 631 388 ¹),
678 334 753 388 qui
798 331 1070 386 quandoque
1113 331 1357 385 corripiunt
1399 331 1630 385 syllabam,
1674 331 1716 371 in
1761 342 1848 383 qua
1882 330 2047 372 nasalis

359 406 523 447 mutam
557 416 656 447 cum
691 404 861 457 liquida
893 402 1132 457 praecedit,
1167 400 1301 455 idque
1336 402 1457 444 metri
1492 412 1640 443 causa.
1675 398 1762 443 Sed
1796 401 1925 443 talem
1950 412 2048 442 cor-

359 477 602 530 reptionem
637 487 661 517 a
694 474 855 516 Nonno
889 473 1058 516 admitti
1093 471 1331 514 verisimile
1366 485 1453 514 non
1484 474 1562 521 est,
1587 472 1691 525 quia
1714 472 1818 513 artis
1842 472 2047 514 metricae

359 546 505 601 legum
538 557 715 599 semper
745 545 834 587 tere
868 544 1108 586 earundem
1141 543 1319 596 sibique
1353 543 1563 585 similium
1598 544 1750 584 custos
1783 542 1975 597 diligens
1997 554 2047 584 ac

358 628 540 659 severus
573 627 673 659 esse
707 616 833 658 solet.
868 614 1024 668 Neque
1057 614 1242 655 formam
1276 615 1544 656 contractam
1579 623 1879 668 δενδροῦντος
1903 615 2050 667 potest

357 687 542 738 admitti,
576 688 810 741 propterea
843 685 965 739 quod
998 684 1199 735 Nonnus,
1233 696 1257 726 a
1284 684 1437 726 formis
1461 684 1698 726 contractis
1726 683 1911 734 alienus,
1937 696 2050 725 nun-

358 770 490 812 quam
523 757 843 812 adJeetivorum
878 758 920 798 in
952 776 1076 809 -εις,
1110 766 1298 809 quorum
1324 755 1512 809 plurima
1536 755 1667 797 habet
1683 751 1730 808 ²),
1754 754 1918 796 formas
1942 766 2051 796 con-

357 830 516 871 tractas
550 828 740 870 exhibet.
775 825 863 870 Sed
893 827 1023 870 lectio
1057 833 1300 882 δρυόεντος
1334 826 1521 880 primum
1552 826 1674 867 metri
1700 836 1835 867 causa
1858 827 2051 880 praestat

359 899 627 942 lectionibus
660 899 867 941 codicum
902 898 1149 951 eademque
1182 909 1270 939 vox
1294 898 1336 938 in
1360 896 1646 951 Dionysiacis
1669 896 1878 950 frequens
1902 899 1980 947 est,
2006 898 2052 938 ut

404 985 516 1023 Dion.
543 986 587 1030 V,
612 987 681 1023 60:
735 987 1058 1030 Τευμησσοῦ
1085 982 1388 1030 δρυόεντος
1415 980 1697 1027 ἑμαιώσαντο
1722 984 1931 1022 κολῶναι,

358 1065 494 1119 idque
512 1064 670 1107 eodem
689 1075 846 1106 versus
863 1064 978 1106 loco.
1002 1062 1206 1105 Profecto
1224 1063 1493 1105 vocabulum
1513 1073 1621 1118 δρῦς
1640 1062 1818 1116 proprie
1838 1073 2050 1115 quercum

358 1136 576 1191 designat,
600 1136 679 1178 sed
704 1134 890 1178 eandem
908 1146 1064 1177 vocem
1085 1137 1242 1189 poetae
1263 1146 1341 1188 pro
1361 1145 1630 1187 quacunque
1649 1133 1806 1175 arbore
1824 1132 2051 1184 adhibent,

359 1209 404 1250 ut
427 1219 506 1262 pro
531 1206 630 1249 olea
653 1206 912 1261 Euripides:
938 1213 1074 1261 δρυὸς
1093 1211 1284 1249 ἄσπετον
1303 1209 1428 1261 ἔρνος
1446 1213 1489 1259 ⁸).
1513 1203 1678 1248 Contra
1694 1204 1890 1259 Joannes
1912 1205 2050 1245 totum

358 1279 545 1329 hortum,
579 1277 789 1332 angulum
823 1277 1058 1320 arboribus
1092 1278 1313 1319 consitum
1342 1276 1398 1318 ab
1427 1287 1480 1318 eo
1505 1288 1592 1317 non
1617 1276 1891 1325 discernens,
1914 1282 2052 1319 τόπον

359 1349 465 1392 dicit
481 1346 527 1403 ⁴¹).
562 1348 689 1391 Hunc
720 1349 975 1403 paradisum
996 1347 1133 1403 Judas
1157 1348 1291 1389 novit.
1326 1345 1505 1389 Sciebat
1527 1347 1644 1388 enim
1669 1345 1910 1388 Dominum
1934 1346 2051 1387 hunc

357 1420 583 1475 angulum,
617 1432 695 1475 per
727 1420 900 1462 hortum
934 1421 1248 1470 transeuntem,
1282 1429 1418 1472 saepe
1453 1419 1602 1472 petere
1620 1414 1667 1471 5).

416 1491 576 1534 Verum
611 1491 654 1533 in
687 1491 894 1533 versibus
927 1489 1208 1544 explicandis

405 1578 488 1615 Par.
507 1578 636 1622 XVIII,
654 1580 698 1615 5:
750 1574 995 1622 ἀγχιφανὴς
1021 1572 1100 1611 ὅθι
1126 1579 1260 1620 κῆπος
1286 1572 1485 1619 ἑύχλοος,
1513 1572 1565 1610 ὃν
1590 1574 1881 1621 παραμείβων

651 1650 696 1686 6:
745 1648 953 1695 κοίρανος
979 1642 1113 1682 ἔνδον
1139 1645 1290 1682 ἵκανεν
1316 1643 1540 1690 ὲθὴμονος
1568 1637 1642 1680 οἶά
1668 1656 1715 1680 τε
1743 1645 1911 1690 βαίνων

651 1721 696 1757 7:
746 1717 969 1764 φυταλιὴν
995 1714 1195 1761 εὔοδμον
1221 1714 1461 1761 ἀειθαλέος
1486 1716 1776 1763 παραδείσου,

359 1799 596 1841 difficultas
629 1800 708 1850 est,
743 1798 865 1852 quod
899 1798 1053 1840 attinet
1085 1797 1140 1839 ad
1174 1798 1434 1839 structuram
1469 1796 1718 1838 verborum.
1752 1795 1863 1838 Nam
1888 1796 2051 1838 clarum

359 1882 445 1912 non
481 1872 559 1922 est,
594 1869 825 1924 quomodo
859 1869 1016 1911 verba:
1050 1873 1184 1913 ἔνδον
1211 1875 1362 1912 ἵκανεν
1395 1869 1476 1909 cet.
1505 1867 1591 1909 alia
1613 1867 1669 1909 ab
1693 1867 1792 1909 aliis
1816 1866 2053 1921 pendeant.

355 1939 427 1984 Sic
451 1943 596 1983 autem
621 1940 768 1983 locum
792 1940 1123 1995 explanandum
1148 1943 1270 1994 puto,
1295 1939 1459 1981 Hortus
1478 1940 1581 1989 erat,
1601 1950 1734 1992 quem
1754 1938 2053 1992 pertransiens

356 2011 577 2055 Dominus
611 2012 787 2054 intravit
819 2012 862 2053 in
896 2011 1031 2053 alium
1066 2011 1214 2053 locum
1248 2011 1343 2053 sive
1378 2011 1420 2052 in
1455 2011 1694 2052 extremam
1728 2010 1840 2051 horti
1871 2010 2053 2063 partem,

355 2084 523 2138 quippe
558 2095 657 2125 cum
692 2084 772 2125 iret
805 2083 848 2124 in
883 2083 1030 2124 locum
1065 2082 1329 2124 consuetum
1362 2081 1598 2123 arboribus
1632 2081 1853 2122 consitum
1877 2091 2055 2134 semper

354 2155 549 2197 florentis
593 2154 804 2209 paradisi.
848 2152 997 2208 Itaque
1042 2153 1326 2196 accusativus
1369 2158 1593 2206 φυταλιὴν
1637 2151 1801 2205 pendet
1849 2163 1874 2193 a
1916 2151 2053 2193 verbo

355 2235 523 2279 βαίνων
539 2234 566 2280 ⁶)
587 2225 839 2279 locumque,
861 2225 904 2266 in
923 2236 1056 2278 quem
1076 2223 1297 2266 Dominus
1316 2223 1572 2278 ingreditur,
1593 2223 1782 2273 indicat;
1802 2234 1888 2264 vox
1907 2224 2052 2264 autem

355 2301 579 2350 ἑθῄμονος
602 2296 767 2352 pendet
790 2308 813 2338 e
836 2296 1008 2338 verbis:
1042 2301 1282 2348 ἀειθαλέος
1307 2304 1598 2350 παραδείσου.
1622 2293 1819 2347 Excepto
1843 2293 1927 2335 hoc
1951 2298 2053 2346 ἐθή-

353 2388 491 2421 μονος
518 2367 755 2418 vocabulo,
780 2366 902 2421 quod
929 2367 984 2409 de
1008 2366 1125 2409 Luca
1148 2368 1373 2421 sumptum
1398 2368 1464 2408 est
1481 2362 1527 2419 ⁷),
1561 2365 1749 2407 Nonnus
1773 2364 1827 2406 de
1851 2364 2054 2418 synopti-

355 2450 508 2480 corum
541 2438 675 2481 rebus
709 2439 893 2481 narratis
926 2437 1034 2480 nihil
1069 2439 1294 2479 mutuatus
1327 2439 1406 2487 est,
1441 2437 1586 2478 solum
1615 2435 1831 2490 Joannem
1858 2436 2052 2477 secutus.

355 2508 521 2551 Verba:
555 2516 637 2553 σὺν
663 2522 757 2563 τοῖς
781 2519 1010 2562 μαθηταῖς
1044 2510 1108 2550 et:
1141 2518 1215 2553 καὶ
1242 2514 1285 2552 οἱ
1310 2517 1516 2561 μαθηταὶ
1543 2512 1697 2555 αὐτοῦ,
1728 2505 1895 2560 quibus
1919 2517 2053 2548 evan-

355 2579 513 2634 gelista
546 2579 797 2634 discipulos
831 2578 1056 2623 Christum
1087 2590 1186 2622 esse
1211 2581 1392 2621 secutos
1416 2578 1582 2620 indicat
1598 2573 1644 2631 ⁸),
1668 2576 1856 2619 Nonnus
1880 2576 2052 2619 omittit.

409 2695 435 2740 ¹)
463 2695 522 2733 cf.
549 2697 635 2733 Eur.
663 2697 745 2734 Alc.
772 2698 865 2733 242:
889 2685 1107 2741 ἆμπλακών.

404 2754 433 2799 ²)
462 2755 500 2791 ln
527 2755 756 2800 Paraphrasi
783 2757 991 2792 occurrunt
1017 2756 1240 2800 quindecim
1267 2755 1461 2800 adjectiva
1487 2755 1525 2790 in
1552 2751 1656 2796 -όεις,
1684 2754 1725 2788 ut
1751 2750 1921 2798 ἀχλυόεις
1947 2752 2052 2796 1,11;

355 2812 527 2858 φλογόεις
554 2814 651 2859 XXl,
676 2815 742 2858 56;
769 2815 976 2852 duodecim
1004 2816 1041 2851 in
1069 2813 1174 2858 -ήεις,
1201 2816 1243 2850 ut
1268 2813 1432 2857 ἀελλήεις
1452 2814 1475 2857 I,
1494 2814 1557 2856 80;
1584 2811 1704 2855 ὑλήεις
1723 2812 1782 2856 VI,
1801 2813 1867 2855 61;
1889 2821 2051 2857 quorum

356 2874 502 2908 nullum
531 2884 700 2918 unquam
728 2875 933 2911 contrahit.

407 2930 435 2975 ⁸)
463 2933 549 2968 Eur.
577 2932 684 2978 Cycl.
710 2933 791 2970 615.
1254 2932 1283 2975 ⁴)
1308 2934 1364 2980 Jo.
1393 2932 1520 2975 XVIII,
1547 2932 1580 2967 2.

407 2989 435 3034 ⁵)
464 2990 521 3027 Cf.
549 2991 632 3027 Par.
659 2991 788 3036 XVIII,
813 2993 941 3028 8—10.
1257 2991 1285 3035 ὁ)
1315 2991 1375 3028 Cf.
1403 2991 1485 3027 Par.
1511 2991 1609 3034 XXI,
1636 2992 1693 3026 47.

407 3049 435 3093 ⁷)
462 3050 520 3086 Cf.
548 3051 637 3086 Luc.
663 3051 777 3095 XXII,
803 3052 867 3088 39:
894 3050 989 3085 κατὰ
1013 3050 1054 3085 τὸ
1083 3050 1183 3093 ἔθος,
1211 3051 1260 3088 cf.
1288 3050 1371 3088 Par.
1398 3051 1527 3093 XVIII,
1555 3051 1615 3086 15:
1645 3047 1775 3093 ἠθάδα
1801 3053 1933 3092 κῆπον.

408 3107 436 3153 ⁸)
459 3110 516 3155 Jo.
543 3110 671 3154 xvm,
701 3112 730 3146 1.
