2180 3606
125 1636 176 1679 N.
205 1637 274 1679 63.

1147 190 1229 232 120

334 329 396 361 SC.
445 324 559 364 ὥστε
597 327 762 375 λυγρὸν
799 325 997 375 ὄλεθρον
1034 319 1151 364 εἶναι
1167 328 1208 374 ¹),
1257 322 1299 362 et
1344 319 1449 362 Tac.
1494 318 1603 361 Arm.
1653 318 1680 370 l,
1718 319 1797 361 27:
1843 330 2027 370 „manus

335 389 615 440 intentantes,
649 401 879 432 causam
913 390 1254 432 discordiae
1289 392 1330 432 et
1363 391 1590 432 initium
1625 390 1948 432 armorum”.

392 459 440 502 V.
484 460 572 503 200
614 462 729 502 recte
772 460 985 514 scriptum
1031 460 1189 515 legitur
1232 461 1275 502 in
1329 461 1484 503 codice
1528 460 1562 503 V
1605 466 1875 516 ἐρύσσας,
1928 472 2027 503 cum

334 536 580 586 ἐρείσας
622 530 884 572 exhibeatur
916 531 1074 573 ceteris
1109 543 1197 573 non
1230 533 1317 573 tam
1352 532 1498 586 magni
1535 531 1744 573 momenti
1779 531 2027 573 codicibus.

335 600 444 643 Nam
478 607 698 654 ἐρείσας
731 600 909 643 defendi
944 602 1110 655 nequit.
1145 600 1373 656 Significat
1402 603 1517 644 enim
1560 602 1813 653 „fulcire,
1858 602 2028 644 susti-

335 683 464 715 nere
498 671 727 725 aliquid
761 672 959 726 aliqua
992 672 1091 724 re'',
1125 673 1183 714 ita
1217 674 1262 714 ut
1295 674 1338 714 in
1372 684 1423 715 ea
1457 674 1629 715 nitatur.
1664 669 1738 715 Sic

382 763 464 800 Par.
491 764 535 807 V,
561 766 600 800 31
620 775 628 800 :
666 761 911 808 νουσαλέος
936 759 1208 799 δ’ἀνέπαλτο
1234 765 1309 800 καὶ
1335 762 1398 809 εἰς
1422 763 1562 800 πέδον
1588 762 1645 808 ἴχ
1659 776 1684 800 ν
1698 776 1723 800 ο
1737 776 1758 809 ς
1788 761 1807 799 ε’
1823 776 1847 810 ρ
1862 775 1882 799 ε
1898 764 1913 799 ι’
1928 772 1996 799 σα
2010 776 2030 808 ς

561 836 628 871 32;
668 832 899 875 ἵστατο,
927 838 965 872 et
990 833 1252 880 σπόγγον

334 905 416 942 Par.
428 905 528 944 xlx.
543 907 627 943 153:
666 903 893 952 ἰθυπόρου
917 904 1126 950 καλάμου
1151 905 1269 953 παρὰ
1295 906 1474 942 νείατον
1501 903 1637 952 ἄκρον
1664 902 1683 940 ἑ
1698 918 1723 952 ρ
1739 917 1759 941 ε
1775 905 1790 941 ι’
1804 913 1832 940 o·
1845 918 1872 940 a
1886 917 1919 950 ς,

334 988 409 1030 ubi
444 990 636 1045 spongia
669 990 712 1032 in
746 1001 922 1033 summo
955 991 1127 1034 calamo
1161 991 1377 1047 defigitur.
1414 991 1476 1033 Ex
1509 1003 1599 1045 quo
1630 991 1744 1033 clare
1774 992 1905 1045 patet,
1929 990 2030 1032 loco

335 1059 513 1102 laudato
556 1062 655 1103 voci
698 1067 941 1117 ἐρείσας
983 1063 1245 1105 contrariam
1288 1063 1377 1105 vim
1421 1063 1570 1105 inesse
1616 1074 1667 1105 ac
1711 1062 1838 1104 locus
1881 1062 2028 1117 exigit,

335 1143 434 1174 cum
486 1131 806 1188 „defigere”
855 1134 1026 1176 dicatur
1072 1146 1152 1188 pro
1204 1134 1475 1185 ‚,solvere,
1525 1132 1870 1176 extrahere’'.
1915 1132 2025 1174 Nam

329 1203 497 1258 Joseph
524 1214 818 1255 „summum
848 1204 1131 1248 vinculum
1161 1205 1389 1260 duplex,
1414 1206 1466 1247 in
1496 1205 1655 1260 ligno
1686 1205 2026 1254 haerentem,

334 1276 558 1316 acutum
591 1274 745 1317 ferro
780 1277 1106 1330 praeacuto,
1142 1277 1453 1319 extrahens
1486 1275 1707 1319 solvit’'.

382 1354 465 1391 Par.
492 1355 575 1398 XX,
605 1356 692 1392 125:
729 1351 977 1403 μάρτυρ’
1025 1347 1336 1402 corrigendum
1380 1349 1446 1390 est
1489 1348 1531 1389 in
1577 1358 1733 1389 vocem
1781 1353 2027 1402 μάρτυν,

336 1427 390 1458 ne
424 1415 553 1458 elisio
586 1416 850 1459 substantivi
884 1419 959 1460 aut
990 1417 1196 1473 adiectivi
1231 1418 1393 1461 Nonno
1427 1417 1606 1461 insolita
1628 1418 1893 1468 admittatur,
1916 1416 2031 1459 sicut

337 1498 377 1529 v.
409 1486 466 1529 96
499 1486 554 1530 de
587 1487 841 1543 conJ‘ectura
873 1492 1011 1544 ἔπορ’
1049 1488 1214 1531 dictum
1249 1491 1316 1532 est
1332 1486 1378 1544 2).

398 1638 625 1695 Deinceps
648 1641 961 1695 inquirendum
987 1643 1054 1685 est
1076 1642 1131 1685 de
1154 1642 1295 1685 forma
1319 1644 1477 1694 crucis,
1502 1643 1557 1685 de
1581 1654 1765 1685 numero
1789 1642 2030 1692 clavorum,

338 1710 392 1753 de
427 1710 562 1753 modo
596 1711 791 1766 denique
825 1712 1127 1768 crucifigendi.
1164 1713 1255 1756 Hac
1289 1715 1434 1757 autem
1469 1714 1513 1756 in
1548 1713 1863 1768 disquisitione
1898 1711 2033 1767 profi-

338 1781 484 1824 ciscor
525 1794 550 1825 a
589 1783 800 1838 pericope
834 1782 928 1826 Par.
963 1783 1070 1835 XIX,
1105 1784 1292 1836 92—97,
1327 1796 1416 1839 qua
1449 1783 1612 1828 Christi
1647 1784 1920 1839 supplicium
1955 1782 2033 1825 de—

338 1853 558 1905 scribitur,
603 1855 761 1897 ceteris
799 1854 912 1898 locis
946 1867 1027 1910 pro
1061 1867 1104 1898 re
1138 1857 1239 1898 nata
1272 1856 1555 1911 comparatis.
1590 1855 1754 1898 Locum
1788 1855 1853 1898 sic
1885 1856 2033 1896 verto:

342 1923 421 1975 „ln
466 1924 706 1979 lignum
751 1925 1273 1979 quadrilaterum
1316 1925 1642 1970 sublimen
1683 1937 1878 1980 supra
1919 1926 2034 1967 ter-

340 2006 459 2037 ram
494 1997 732 2038 rectum
762 1994 1015 2052 (Jesum)
1043 1998 1494 2049 extenderunt,
1528 1997 2034 2052 obstringentes

340 2067 750 2110 necessitate
799 2070 1108 2112 extensas
1156 2070 1463 2124 utrinque
1507 2068 1722 2111 ferreo
1765 2066 2033 2122 quodam

340 2138 608 2181 vinculo
651 2151 882 2191 manus,
916 2140 1107 2183 simul
1142 2140 1508 2195 perforatis
1541 2139 1871 2182 tranfixum
1905 2138 2036 2181 sim-

342 2209 505 2264 plici
540 2209 739 2262 clavo‚
775 2210 1015 2265 duplex
1047 2211 1282 2254 vulnus
1316 2211 1667 2262 habentem,
1702 2222 1814 2253 uno
1847 2211 2037 2252 trans-

341 2279 587 2323 fossum
646 2281 791 2332 ictu,
849 2282 1130 2336 pedibus
1187 2282 1585 2338 coniunctis,
1644 2279 2036 2323 inflexibile

341 2351 670 2394 vinculum
716 2352 1090 2407 perniciei'’.

403 2420 522 2465 Crux
554 2434 579 2465 a
607 2422 777 2478 Joanne
811 2425 993 2466 vocatur
1024 2431 1320 2480 atav90'58),
1354 2436 1379 2466 a
1411 2424 1574 2466 Nonno
1602 2423 1869 2466 describitur
1900 2429 2038 2478 δόρυ

344 2501 818 2550 τετράπλευρονῦ,
843 2497 1069 2548 praeterea
1091 2502 1444 2551 doquteog‘)
1468 2502 1765 2549 (θάνατος),
1789 2500 2038 2550 δούρατα

344 2572 689 2619 γομφότομα,
728 2579 999 2622 σταυροῑο
1037 2572 1260 2620 ὀχεύς*).
1303 2564 1508 2609 Ceterum
1557 2565 1772 2608 undecies
1814 2563 2037 2607 vocabulo

346 2644 653 2692 σταυρός’)
698 2638 843 2679 utitur.
887 2636 983 2680 Vox
1020 2639 1164 2680 autem
1199 2645 1459 2693 σταυρός
1490 2637 1712 2693 significat
1744 2635 1908 2691 palum,
1943 2636 2037 2679 sive

402 2862 427 2904 ¹)
455 2861 513 2898 Cf.
541 2861 860 2897 Kiihner—Blass
886 2862 926 2905 ll,
955 2863 968 2897 l
999 2872 1034 2906 p.
1060 2862 1140 2905 284,
1158 2862 1192 2898 6.
1246 2859 1275 2905 ⁸)
1298 2862 1354 2908 Jo.
1380 2860 1481 2904 XIX,
1512 2862 1577 2905 173
1606 2861 1670 2904 19;
1696 2862 1765 2905 25;
1790 2862 1848 2898 31.

402 2919 429 2962 ²)
458 2920 515 2956 Cf.
542 2920 740 2962 Ludwich‚
768 2920 882 2956 Beitr.
908 2931 943 2965 p.
974 2922 1026 2956 17.
1248 2919 1278 2964 ⁴)
1306 2921 1343 2956 ln
1372 2920 1454 2957 Par.
1474 2918 1513 2964 †.

402 2977 430 3021 Β)
457 2978 658 3015 Praeterea
683 2978 766 3014 Par.
792 2977 886 3022 Xlll,
915 2980 1003 3023 120,
1030 2981 1068 3015 et
1093 2980 1140 3015 de
1167 2980 1319 3025 Moysis
1344 2981 1522 3024 serpente

541 3038 622 3075 Par.
650 3039 705 3079 ΙΙΙ,
732 3040 799 3075 74:
838 3037 1042 3084 ὃουρατέης
1065 3036 1282 3084 μεθέποντα
1307 3039 1426 3073 τύπον
1450 3037 1605 3082 ποιητὸν
1630 3036 1814 3082 ἀκάνθης.

404 3096 432 3143 ⁸)
460 3097 542 3134 Par.
567 3096 667 3142 XlX,
696 3099 785 3143 1υ7;
810 3099 890 3135 214.
1251 3096 1279 3143 ’)
1306 3098 1388 3134 Par.
1414 3096 1512 3140 XlX‚
1539 3098 1584 3135 28
1610 3102 1681 3134 cet.
1708 3098 1745 3134 in
1773 3100 1846 3134 hoc
1872 3097 2008 3144 capite.
