2180 3606
970 191 1026 233 53

155 318 285 373 igitur
316 318 416 360 loco
451 319 737 373 paraphrasta
770 318 930 361 clarius
964 320 1175 362 indicavit
1208 332 1340 374 quam
1375 320 1653 374 evangelium
1681 322 1835 362 testem

155 400 295 430 rerum
340 390 605 431 mirabilium
647 400 672 430 a
714 386 890 431 Christo
933 389 1143 432 factarum
1188 390 1377 432 eundem
1421 390 1639 444 evangelii
1679 390 1836 432 librum

154 459 405 511 scripsisse.
448 458 667 512 Denique,
712 464 757 500 ut
789 460 985 501 omittam
1021 472 1299 503 communem
1333 461 1493 502 tamam
1528 462 1568 502 et
1601 460 1837 502 litterarum

154 532 440 571 monumenta
457 526 501 583 ¹),
535 529 803 582 discipulum
834 529 971 581 illum,
995 542 1126 583 quem
1152 530 1364 585 diligebat
1381 531 1524 585 Jesus‚
1547 530 1685 572 fuisse
1704 529 1839 584 Joan-

155 610 253 640 nem
287 599 539 652 apostolum
568 599 726 652 probat
749 599 894 652 ipsum
919 601 1212 654 evangelium,
1237 601 1394 654 probat
1417 601 1513 655 ejus
1536 599 1837 654 Paraphrasis.

154 667 333 723 Septem
351 667 384 723 ²¹)
407 670 522 711 enim
541 680 722 710 numero
742 669 950 723 discipuli
971 671 1013 711 in
1034 672 1138 712 mari
1158 670 1409 713 Tiberiadis
1428 672 1652 724 piscantes
1672 670 1840 712 descri—

154 739 328 790 buntur,
346 751 408 781 sc.
424 738 590 789 Petrus,
605 738 817 789 Thomas,
831 740 1089 791 Nathanael‚
1111 741 1200 782 duo
1218 741 1293 782 filii
1313 740 1532 783 Zebedaei
1553 741 1579 782 i.
1594 753 1630 783 e.
1645 740 1840 794 Jacobus

155 810 196 850 et
213 808 421 863 Joannes,
446 812 670 863 praeterea
691 810 764 851 alii
790 809 879 852 duo
903 811 1128 864 discipuli.
1153 811 1196 852 ln
1221 812 1290 853 his
1313 814 1457 853 autem
1483 814 1572 853 erat
1590 810 1840 864 discipulus

154 879 226 921 iile
271 880 399 921 unice
442 891 468 921 a
510 878 688 922 Christo
730 881 932 923 dilectus.
976 880 1064 924 Sed
1098 893 1151 923 ex
1185 882 1342 923 iisdem
1376 881 1545 933 Petrus,
1573 881 1767 936 Jacobus
1800 883 1841 923 et

147 949 343 1003 Joannes
386 951 428 991 in
472 950 637 992 intimis
675 948 837 993 Christi
871 952 1027 993 amicis
1060 953 1181 993 erant
1214 963 1318 1005 prae
1352 953 1522 1002 ceteris,
1557 955 1603 994 ut
1635 953 1754 1006 patet
1788 963 1841 993 ex

153 1020 398 1074 evangeliis
440 1018 750 1074 synopticis3).
792 1021 845 1063 At
878 1021 1032 1063 Petrus
1065 1022 1228 1064 diserte
1261 1022 1525 1064 discernitur
1557 1035 1582 1064 a
1615 1022 1839 1076 discipulo

153 1090 303 1132 intime
322 1091 485 1132 dilecto
503 1088 534 1145 4)
548 1104 557 1141 ;
571 1091 785 1145 jacobum
805 1093 949 1133 autem
964 1094 1063 1133 ante
1079 1092 1613 1146 evangeliumJoanneum
1628 1093 1840 1146 scriptum

153 1160 270 1202 diem
314 1161 482 1203 obiisse
526 1161 635 1203 inter
677 1173 833 1204 omnes
877 1164 1050 1204 constat
1066 1159 1112 1215 5).
1157 1162 1271 1216 Ergo
1305 1162 1556 1215 discipulus
1589 1162 1675 1212 ille,
1710 1174 1842 1215 quem

152 1230 366 1285 diligebat
392 1231 535 1285 Jesus‚
571 1232 699 1285 isque
733 1232 1012 1287 evangelium
1046 1233 1238 1286 scripsit,
1273 1235 1338 1274 est
1367 1231 1561 1286 Joannes
1594 1233 1841 1286 apostolus.

153 1299 285 1350 Quod
328 1302 480 1343 attinet
522 1301 578 1343 ad
623 1303 924 1344 testimonium
959 1303 1077 1344 illius
1111 1303 1336 1356 discipuli,
1371 1303 1445 1356 qui
1481 1300 1644 1345 Christi
1679 1314 1843 1356 corpus

153 1371 306 1413 lancea
338 1372 555 1414 vulnerari
588 1373 698 1415 vidit
715 1370 760 1427 b'),
794 1373 914 1428 apud
947 1373 1153 1415 Nonnum
1189 1373 1470 1415 manifestum
1504 1385 1592 1415 non
1627 1375 1693 1415 est
1720 1374 1842 1415 illum

152 1441 423 1496 discipulum
461 1443 598 1486 fuisse
632 1444 863 1498 Joannem.
897 1442 1009 1487 Cum
1045 1445 1160 1485 enim
1196 1445 1238 1485 in
1273 1445 1507 1498 evangelio
1536 1454 1651 1485 unus
1674 1443 1843 1485 solum-

153 1511 287 1553 modo
321 1512 572 1566 diSCIpulus
604 1514 801 1556 adinisse
836 1513 1012 1558 Christo
1047 1515 1089 1556 in
1124 1526 1299 1556 crucem
1333 1515 1520 1557 subacto
1546 1516 1754 1564 narratur,
1779 1524 1840 1555 sc.

148 1581 355 1636 Joannes,
390 1583 432 1624 in
466 1583 727 1638 Paraphrasi
763 1585 912 1639 piures
945 1585 1142 1627 adfuisse
1176 1585 1381 1627 dicuntur
1413 1586 1482 1627 his
1516 1585 1685 1626 verbis:

199 1656 282 1693 Par.
309 1658 393 1692 XIX
424 1659 512 1695 134:
562 1654 716 1702 ἐγγύθι
745 1657 797 1693 όὲ
824 1662 1036 1704 σταυροῑο
1063 1655 1309 1702 συνήλυόες
1334 1656 1444 1702 ἦσαν
1470 1654 1653 1704 ἑταῖροι,

153 1723 211 1765 ita
244 1725 290 1765 ut
325 1724 558 1778 diJ'udicari
585 1728 788 1778 nequeat,
814 1726 915 1779 quis
938 1726 1062 1767 testis
1086 1724 1248 1768 Christi
1273 1726 1487 1767 vulnerati
1512 1725 1653 1767 fuerit.
1687 1724 1842 1777 Neque

153 1796 318 1836 certum
352 1797 417 1837 est
439 1797 595 1837 testem
620 1796 741 1837 illum
767 1796 955 1838 eundem
981 1807 1093 1846 esse,
1118 1795 1236 1849 apud
1261 1795 1468 1837 Nonnum
1493 1795 1609 1845 dico,
1634 1795 1709 1848 qui
1734 1795 1843 1836 haec

153 1865 345 1919 scripsit,
379 1877 478 1907 cum
512 1865 700 1908 Nonnus
733 1867 894 1908 diserte
928 1879 1026 1908 eum
1062 1867 1242 1908 inducat
1275 1866 1545 1920 loquentem,
1579 1877 1667 1907 non
1697 1867 1842 1906 autem

153 1936 421 1977 Scribesstssm
468 1947 550 1982 Par.
577 1947 676 1990 XIX,
704 1948 788 1983 182:
815 1943 882 1992 ἑῷ
916 1945 1235 1981 πιστώσατο
1261 1943 1451 1991 μύθῳ;
1480 1947 1564 1982 183;
1593 1945 1844 1992 μαρτυρὶην

153 2012 405 2051 &thamam
436 2006 656 2061 Denique,
682 2008 797 2050 duos
820 2007 1044 2062 Baptistae
1069 2008 1331 2061 discipulos,
1356 2008 1430 2061 qui
1456 2006 1680 2050 Christum
1703 2007 1842 2049 secuti

153 2079 268 2127 sunt,
311 2077 450 2119 fuisse
492 2077 711 2120 Andream
756 2080 798 2119 et
832 2078 1047 2132 Joannem
1085 2078 1324 2120 verisimile
1359 2080 1424 2119 est
1441 2074 1488 2131 7).
1522 2077 1752 2120 Postremo
1786 2077 1841 2119 de

155 2148 379 2203 pericope,
414 2160 501 2201 qua
533 2149 675 2203 agitur
707 2149 761 2190 de
796 2149 1034 2203 discipulo,
1063 2149 1138 2202 qui
1163 2148 1338 2191 Petrum
1367 2149 1409 2190 in
1433 2149 1593 2190 summi
1618 2148 1842 2202 pontificis

154 2218 335 2260 domum
370 2216 603 2273 induxitss),
639 2232 836 2271 numero,
871 2221 944 2274 qui
979 2220 1192 2273 sequitur,
1226 2220 1385 2262 dicam.

206 2426 233 2472 ¹)
261 2427 319 2464 Cf.
346 2429 397 2464 M.
425 2428 464 2464 P.
492 2427 538 2464 G.
565 2429 640 2472 VII,
666 2430 746 2471 845,
775 2429 867 2465 iren.
894 2430 979 2465 adv.
1007 2430 1116 2464 Haer.
1144 2429 1200 2471 111,
1230 2431 1270 2471 1;
1297 2429 1348 2463 M.
1376 2428 1415 2463 P.
1443 2427 1488 2464 G.
1517 2426 1598 2471 XX,
1623 2429 1704 2471 552,
1724 2427 1844 2464 Ciem.

154 2488 212 2523 Al.
238 2497 298 2532 ap.
325 2487 465 2523 Euseb.
494 2488 536 2523 Η.
564 2488 603 2523 Ε.
632 2488 691 2530 Vl,
720 2489 785 2531 14;
812 2488 863 2523 Μ.
891 2487 930 2523 Ρ.
958 2488 996 2523 L.
1024 2488 1063 2531 11,
1089 2488 1186 2531 363;
1220 2488 1300 2530 367,
1326 2487 1485 2522 Tertull.
1513 2496 1544 2522 e.
1570 2487 1689 2522 Marc.
1716 2487 1776 2530 IV,
1802 2488 1844 2530 2;

155 2547 199 2589 5;
225 2546 277 2581 M.
304 2546 344 2582 Ρ.
372 2545 417 2582 G.
445 2547 504 2590 Vl,
534 2547 634 2590 1088,
661 2547 864 2591 Theophil.
891 2548 939 2582 ad
966 2547 1094 2582 Autol.
1122 2546 1161 2589 11,
1187 2547 1243 2581 22.

203 2603 232 2649 ²)
260 2605 359 2641 Octo
385 2606 603 2649 discipulos
629 2608 829 2642 enumerat
855 2608 1118 2651 paraphrasta,
1145 2607 1210 2650 qui
1239 2606 1431 2641 Andream
1460 2605 1643 2641 inseruit:

319 2664 401 2700 Par.
427 2663 526 2707 XXI,
551 2666 597 2700 5:
624 2664 688 2697 καὶ
714 2663 828 2708 σοφὸς
848 2661 1044 2708 Ἀνδρείας,
1071 2662 1310 2708 ὁμογάστριος
1338 2661 1376 2703 ὃς
1402 2661 1488 2697 πέλε
1515 2661 1669 2707 Πέτρου.

205 2720 233 2766 ⁸)
262 2722 320 2758 Cf.
346 2724 480 2759 Matth.
507 2723 622 2767 XVII,
651 2726 691 2767 l;
718 2723 852 2767 XXVI,
879 2725 946 2767 37;
974 2725 1092 2759 Marc.
1120 2724 1163 2767 V,
1191 2725 1258 2766 373
1285 2724 1346 2767 lX,
1375 2722 1536 2767 25XIV,
1554 2724 1624 2766 33;
1644 2723 1731 2758 Luc.
1751 2722 1845 2765 VIII,

153 2783 218 2824 51;
252 2780 334 2825 XX,
361 2783 417 2818 28.

207 2840 234 2883 ⁶)
263 2840 320 2876 Cf.
347 2840 429 2877 Par.
456 2840 538 2884 XX,
568 2843 611 2877 13
637 2852 721 2886 sqq.
747 2855 789 2869 =
812 2843 867 2888 Jo.
895 2840 977 2885 XX,
1004 2843 1037 2877 2.

205 2897 233 2940 ⁵)
262 2898 320 2934 Cf.
348 2899 431 2934 Act.
458 2899 535 2943 XII,
565 2902 577 2935 1
610 2910 705 2945 sqq..

206 2956 234 3000 ¹⁵)
263 2957 321 2993 Cf.
349 2958 430 2994 Par.
457 2957 557 3002 XIX,
590 2961 656 2995 182
682 2969 767 3004 sqq.
795 2973 835 2987 =
859 2960 915 3005 Jo.
942 2958 1040 3002 XIX,
1067 2960 1122 2994 35.

207 3015 234 3059 ³)
263 3016 321 3052 Cf.
348 3016 431 3052 Par.
458 3018 481 3060 1,
511 3019 694 3054 128—154
721 3032 761 3045 =
784 3018 841 3064 Jo.
867 3019 891 3061 1,
917 3019 1067 3054 35—40.

206 3073 234 3118 ³)
264 3075 322 3112 Cf.
349 3075 430 3112 Par.
459 3075 588 3120 XVIII,
616 3078 755 3112 'Io-78
781 3091 822 3105 =
845 3078 901 3123 Jo.
928 3076 1058 3120 XVIII,
1089 3078 1130 3113 15
1156 3087 1225 3120 sq..
