2180 3606
952 179 1008 221 97

134 310 362 364 putatione
406 321 496 352 non
538 310 638 363 eget
680 320 840 362 neque,
882 309 977 351 sive
1020 309 1209 363 primum
1251 309 1347 352 sive
1389 308 1572 350 alterum
1610 307 1822 362 templum

136 380 274 429 dicas,
307 379 530 422 columnis
563 379 729 421 affabre
761 378 891 421 factis
920 391 1020 422 esse
1041 379 1335 422 aedificatum.
1368 376 1456 421 Sed
1480 378 1710 432 quomodo
1732 377 1823 420 fieri

134 450 291 504 potuit,
334 452 380 492 ut
422 449 635 504 templum
671 448 996 504 resplenduerit
1037 460 1230 495 λίθων
1267 454 1593 505 ἑτερόχροϊ
1625 455 1825 503 κόσμῳ

133 522 176 564 et
210 529 462 574 χιονέην
495 526 813 575 ἀμάρυσσε
838 528 1034 564 λίθων
1060 525 1431 575 ἑτερόχροον
1457 525 1683 573 αἴγλην,
1717 519 1824 572 qllln

134 591 264 634 etiam
302 590 432 633 fuerit
468 596 959 646 ἀργυροφεγγήςῑ)
985 590 1080 632 VOX
1113 592 1258 640 autem
1291 595 1655 645 ἑτερόχροος
1686 588 1827 643 Signi-

134 661 257 703 ficat:
284 659 640 711 „discolor”
663 658 760 702 vel:
796 660 890 710 ‚,is,
923 660 1028 713 qui
1062 661 1284 702 varios
1317 660 1581 702 colores
1614 657 1826 701 habet''.

136 728 209 773 Sic
250 742 367 785 aqua
411 731 563 772 vinum
611 729 726 772 facta
768 729 928 772 dicitur
972 730 1183 781 discolor,
1224 730 1355 772 niveo
1389 729 1537 773 colore
1572 730 1614 771 in
1648 729 1825 772 rubrum

137 802 304 844 mutato
323 798 367 854 ¹).
402 799 491 844 Sed
524 801 641 843 idem
676 800 762 843 dici
797 801 951 854 nequit
982 801 1037 842 de

182 882 265 919 Par.
292 883 390 926 XXI,
415 884 485 919 59:
525 878 658 927 ἄξατε
684 884 767 917 νῦν
792 881 972 926 βυθίων
997 879 1245 916 νεπόδων
1279 876 1615 927 ἑτερόχροον
1649 877 1828 926 ἄγρην,

135 954 215 997 sed
249 954 469 996 hocloco
502 953 728 1008 significat
759 953 852 995 vel:
887 953 1136 1003 „varios
1169 952 1432 994 colores
1465 952 1735 995 habens”
1759 952 1827 995 vel

134 1025 348 1067 fortasse:
385 1022 767 1076 „diversus”,
803 1024 1051 1074 „varius
1093 1023 1594 1076 quoquomodo'’‚
1627 1025 1673 1065 ut

183 1105 297 1142 Dion.
319 1105 364 1148 X,
393 1106 458 1141 19:
484 1101 683 1138 πάλλετο
709 1102 958 1147 δειμαίνων
983 1099 1290 1149 ἑτερόχροα
1317 1100 1578 1146 φάσματα
1602 1106 1830 1149 μορφῆς.

137 1176 311 1227 Quodsi
336 1177 494 1219 eodem
520 1176 655 1218 modo
679 1176 878 1230 explices
895 1176 1053 1217 verba:
1077 1184 1260 1219 λίθων
1286 1180 1583 1231 ἑτερόχροϊ
1603 1183 1830 1231 κόσμῳῦ

136 1259 199 1291 sc.
235 1247 462 1302 „lapidum
496 1248 608 1289 inter
639 1257 687 1288 se
711 1246 1049 1301 coniunctorum
1072 1246 1225 1300 figuris
1246 1245 1391 1288 varias
1413 1246 1590 1299 species
1614 1246 1831 1300 praeben-

136 1318 300 1370 tibus'’,
320 1330 409 1360 non
428 1317 699 1360 COntradiCO.
719 1314 808 1359 Sed
826 1316 983 1358 verba:
1016 1325 1200 1361 λίθων
1225 1321 1564 1372 ἑτερόχροον
1590 1323 1784 1370 αἴγλην
1802 1325 1831 1371 ⁸)

137 1392 303 1432 tantum
349 1388 404 1431 de
437 1388 666 1431 coloribus
700 1387 884 1442 intelligi
919 1389 1122 1441 possunt.
1157 1386 1209 1429 Et
1242 1387 1313 1429 hic
1346 1387 1477 1429 ardor
1508 1387 1639 1429 simul
1673 1387 1834 1429 dicitur

139 1461 295 1503 niveus
319 1460 345 1502 i.
365 1472 402 1502 e.
424 1481 453 1513 χ
468 1480 483 1503 ι
498 1466 636 1513 ονέη
653 1467 683 1512 ⁴)
711 1480 739 1502 a
754 1465 901 1513 ἴγλη.
923 1457 1079 1511 Neque
1103 1458 1212 1500 haec
1236 1458 1321 1500 sibi
1341 1458 1560 1500 contraria
1582 1459 1697 1499 sunt.
1720 1457 1831 1499 Nam

137 1531 352 1584 templum
386 1529 591 1572 candidis
614 1529 908 1571 marmoribus
931 1530 1232 1571 constructum
1254 1528 1348 1583 iure
1373 1528 1459 1570 dici
1485 1529 1633 1582 potest
1654 1528 1830 1569 niveum

142 1602 350 1655 idemque
383 1600 612 1656 splenduit
645 1600 785 1642 nitore
818 1600 860 1642 et
890 1599 1099 1641 varietate
1133 1598 1347 1649 colorum,
1380 1598 1492 1641 solis
1524 1598 1660 1641 radiis
1691 1598 1831 1640 aciem

143 1673 373 1715 oculorum
393 1670 846 1726 praestringentibus;
871 1670 1128 1725 praesertim
1148 1681 1248 1712 cum
1273 1669 1489 1724 plurimae
1510 1669 1662 1724 templi
1687 1671 1834 1724 partes

139 1755 247 1787 auro
294 1744 523 1785 contectae
567 1743 730 1785 essent.
769 1740 887 1783 idem
921 1741 1029 1783 dicit
1056 1740 1305 1795 josephus:
1338 1748 1423 1794 ,Τὸ
1449 1744 1668 1794 δ’ἕξωθεν
1694 1745 1834 1784 αὐτοῦ

138 1822 375 1870 πρόσωπον
400 1819 538 1858 οὐδὲν
562 1817 668 1856 οὔτε
694 1819 757 1866 εἰς
781 1824 927 1865 ψυχῆς
953 1816 1058 1856 οὔτε
1083 1818 1146 1865 εἰς
1171 1817 1390 1864 ὀμμάτων
1412 1815 1618 1865 ἔκπληξιν
1636 1816 1834 1856 ἀπέλιπε.

141 1893 286 1939 Πλαξὶ
306 1894 389 1940 γὰρ
406 1897 577 1940 χρυσοῦ
597 1894 829 1940 στιβαραῖς
845 1889 1182 1936 κεκαλυμμένος
1198 1889 1441 1931 πάντοθεν,
1461 1885 1547 1925 ὑπὸ
1564 1893 1643 1934 τᾶς
1659 1888 1836 1937 πρώτας

139 1962 362 2009 ἀνατολὰς
386 1961 868 2010 πυρωδεστάτην
901 1959 1249 1997 ἀπέπαλλεν
1283 1957 1467 2005 αὐγὴν
1490 1961 1565 1995 καὶ
1582 1963 1673 1996 τῶν
1690 1960 1835 2005 βιαζο-

139 2034 291 2079 μένων
326 2033 442 2070 ἰδεῑν
475 2033 553 2078 τὰς
587 2031 716 2078 ὄψεις
750 2029 897 2079 ὥσπερ
931 2028 1134 2077 ἡλιακαῖς
1166 2028 1341 2066 ἀκτῖσιν
1371 2027 1634 2077 ἀπέστρεψε.
1663 2032 1764 2075 Τοῖς
1787 2042 1835 2076 γε

139 2105 229 2151 μὴν
254 2102 672 2150 εἰσαφικνουμένοις
696 2102 839 2149 ξένοις
863 2101 1103 2150 πόρρωθεν
1134 2099 1334 2146 ὅμοιος
1359 2098 1477 2148 ὄρει
1502 2100 1693 2146 χιόνος
1717 2098 1836 2146 πλή-

140 2189 226 2223 ρει
257 2175 649 2222 κα·τεφαίνετο·
682 2175 757 2209 καὶ
782 2174 864 2220 γὰρ
889 2173 1013 2209 καθὰ
1038 2172 1099 2218 μὴ
1123 2169 1379 2219 κεχρύσωτο
1405 2170 1673 2216 λευκότατος
1698 2161 1774 2216 ἦν”
1791 2170 1835 2217 ⁶).

141 2238 298 2293 Neque
340 2238 497 2280 mirum
543 2238 609 2279 est
641 2237 756 2279 idem
791 2236 1003 2290 templum
1037 2235 1124 2277 dici
1159 2240 1622 2290 ἀργυροφεγγέςθ)
1657 2234 1836 2287 propter

144 2321 409 2352 marmorum
458 2307 699 2350 candidum
747 2307 967 2361 fulgorem
1021 2306 1178 2349 oculos
1226 2305 1557 2347 obcaecantem.
1605 2301 1692 2346 Sed
1746 2315 1834 2346 non

143 2380 317 2422 videtur
353 2380 459 2421 mihi
494 2390 595 2421 esse
628 2378 870 2420 verisimile
904 2377 988 2419 hoc
1022 2377 1201 2419 nomine
1235 2376 1436 2430 insigniri
1471 2376 1605 2417 totam
1639 2374 1834 2424 domum,

145 2453 380 2506 propterea
423 2449 546 2504 quod
581 2450 733 2503 portae
767 2448 945 2502 aliquae
979 2447 1156 2489 laminis
1188 2446 1409 2501 argenteis
1442 2447 1563 2487 erant
1594 2446 1834 2494 contectae,

145 2521 267 2576 quod
291 2521 408 2563 idem
433 2522 576 2563 narrat
593 2519 819 2574 Josephus
835 2515 883 2572 7).
917 2518 979 2560 Ex
1003 2518 1058 2560 iis
1082 2518 1224 2572 igitur,
1249 2528 1363 2570 quae
1387 2516 1441 2558 de
1464 2515 1631 2570 templo
1649 2515 1834 2557 Nonnus

144 2592 337 2646 scripsit,
382 2591 663 2633 manifestum
707 2591 773 2632 est
818 2589 996 2631 nonnisi
1041 2587 1354 2642 intelligentias
1392 2587 1519 2640 quasi
1554 2585 1835 2628 adumbratas

197 2772 223 2816 ¹)
253 2772 311 2808 Cf.
337 2771 420 2808 Par.
447 2772 485 2814 11,
511 2772 567 2807 36.
889 2768 918 2814 ⁹)
945 2770 1028 2806 Par.
1056 2770 1095 2812 11,
1120 2770 1177 2805 97.
1498 2766 1527 2811 8)
1554 2767 1637 2802 Par.
1664 2766 1708 2809 V,
1734 2767 1767 2801 2.

195 2831 224 2874 ⁴)
254 2832 291 2866 ln
319 2831 522 2866 codicibus
548 2831 689 2876 legitur
715 2826 881 2873 κιονέην,
907 2829 1011 2873 quod
1038 2829 1189 2864 admitti
1217 2837 1292 2863 non
1319 2836 1437 2872 posse
1463 2828 1580 2871 patet.

196 2888 225 2932 ⁶)
249 2890 326 2936 Jos.
356 2890 407 2925 Fl.
439 2889 478 2925 Β.
503 2890 532 2935 J.
560 2890 603 2932 V,
631 2889 675 2932 V,
701 2889 746 2931 6;
774 2888 823 2924 cf.
852 2889 895 2923 A.
918 2889 945 2934 J.
976 2888 1056 2930 XV,
1084 2887 1144 2926 Xl,
1170 2887 1202 2922 3.

197 2947 225 2992 ⁶)
256 2949 336 2984 Par.
364 2948 439 2991 Vll,
478 2949 543 2984 104
570 2946 618 2991 †;
651 2948 699 2983 cf.
729 2947 844 2983 Anth.
871 2946 950 2982 Pal.
977 2946 1037 2990 XI,
1063 2946 1190 2988 313‚3:
1217 2943 1319 2988 λιμὸς
1343 2941 1635 2988 ἀργυροφεγγής,
1661 2943 1766 2987 quod
1791 2943 1838 2978 de

146 3009 301 3052 patellis
330 3008 465 3042 vacuis
492 3008 641 3042 dicitur.

196 3065 224 3110 Ἴ)
248 3067 327 3112 Jos.
355 3066 407 3101 Fl.
437 3065 477 3101 B.
501 3066 532 3111 J.
560 3066 620 3109 Vl,
649 3065 708 3108 lV,
734 3065 766 3100 2.

1678 3132 1698 3165 7
