2180 3606
962 217 1018 259 33

143 343 267 397 quod
315 341 420 386 mire
469 345 686 386 consonat
733 356 832 386 cum
880 345 995 395 loco,
1038 346 1093 388 de
1135 357 1226 399 quo
1264 346 1418 400 agitur.
1452 344 1608 399 Neque
1641 347 1830 389 occurrit

142 413 283 456 altera
303 415 594 469 significatio,
628 414 707 456 sed
741 415 953 468 scriptum
987 417 1054 458 est

203 489 285 524 Par.
313 489 398 524 XXI
439 490 526 525 109:
574 488 792 534 κουρίζων
818 484 897 528 ἔτι,
926 489 1081 536 Πέτρε,
1108 487 1211 534 τεὴν
1236 486 1514 533 ἐζώννυσο
1539 489 1744 536 μίτρην
1768 489 1809 534 ¹).

143 552 233 597 Sed
266 554 444 597 duobus
478 555 589 597 locis
620 555 745 597 tertia
777 555 1043 609 significatio
1077 557 1278 607 occurrit,
1313 568 1374 599 sc.

204 629 287 665 Par.
315 629 391 672 XII,
416 630 484 665 63:
529 623 698 673 Ἰησοῦς
723 626 948 675 πεφόρητο
973 630 1107 674 μέσος
1132 627 1513 677 μιτρούμενος
1540 626 1733 676 ἀνδρῶν.

307 700 387 742 ΧΧ,
414 701 481 736 88:
530 699 840 744 μιτρωθεὶς
867 695 1078 746 ἑτάροισι.

144 765 308 819 Itaque,
343 766 379 807 si
412 766 549 807 verbo
581 776 858 821 μιτροῦσθαι
889 766 989 808 loco
1033 767 1210 809 laudato
1248 768 1316 810 vis
1354 768 1533 822 propria
1569 767 1831 819 attribuitur,

145 835 300 878 Petrus
334 836 510 878 lumbos
542 836 763 877 succinxit
796 848 959 890 panno,
993 849 1125 890 quem
1160 838 1203 878 in
1227 837 1452 892 cingulum
1477 838 1717 887 convolvit,
1741 838 1768 880 i.
1793 849 1830 880 e.

141 914 279 961 μίτρᾳ
317 914 446 961 νόθῃ.
488 903 532 948 Si
575 908 720 948 autem
765 906 951 949 Nonnus
984 908 1120 949 verbo
1156 918 1435 963 μιτροῦσθαι
1469 909 1601 950 utitur
1631 908 1832 960 abusive,

145 976 301 1019 Petrus
324 977 488 1019 lumbis
510 977 816 1018 circumcinxit
836 978 1160 1029 vestimentum,
1183 978 1376 1020 tunicam
1402 978 1516 1020 dico.
1541 977 1831 1030 Postremum,

144 1059 237 1101 quo
270 1048 430 1097 versio,
464 1058 595 1100 quam
630 1047 838 1100 equidem
883 1059 970 1089 non
1003 1059 1181 1101 sequor,
1210 1048 1473 1099 defenditur,
1497 1050 1563 1091 est
1587 1050 1684 1100 hoc,
1709 1049 1832 1103 quod

145 1118 245 1160 aliis
279 1129 459 1171 quoque
481 1115 592 1158 locis
615 1116 802 1159 Nonnus
825 1129 889 1167 ea,
914 1129 1028 1171 quae
1049 1118 1137 1172 jam
1161 1129 1305 1168 versu,
1329 1119 1404 1171 qui
1430 1119 1667 1172 praecedit,
1690 1120 1834 1174 expli-

143 1188 274 1238 cavit,
317 1188 471 1229 iterum
513 1186 601 1228 alio
644 1187 779 1229 modo
817 1199 963 1238 versu,
997 1188 1072 1241 qui
1106 1188 1319 1241 sequitur,
1353 1188 1558 1242 explicat,
1592 1192 1637 1232 ut

192 1262 274 1298 Par.
303 1263 394 1305 XIII,
421 1263 489 1298 29:
536 1255 709 1305 Ἰησοῦν
737 1257 981 1303 δ’ἀνέκοψε
1007 1262 1142 1306 φίλον
1167 1260 1299 1307 σέβας
1325 1259 1498 1306 ὄμμασι
1524 1263 1712 1307 φαίνων·

425 1333 492 1368 3οε
541 1331 616 1366 καί
641 1344 721 1375 μιν
749 1328 948 1378 ἐρητύων
974 1333 1132 1379 βριαρῇ
1158 1331 1392 1377 μειλίξατο
1419 1336 1559 1378 φωνῇ,

143 1400 188 1441 et
220 1398 435 1452 particula
466 1408 541 1443 καί
573 1399 754 1450 omissa,

193 1473 276 1509 Par.
303 1473 396 1517 XIII,
422 1474 491 1510 98:
544 1464 605 1517 εἷς
631 1472 792 1519 βροτὸς
818 1468 987 1516 ὑμείων
1012 1485 1069 1516 με
1099 1473 1246 1518 φίλων
1271 1470 1443 1521 ἑτάρων
1468 1473 1740 1521 παραδώσει·

427 1544 495 1580 99:
544 1534 606 1587 εἷς
631 1543 762 1588 φίλος
788 1540 1153 1590 ἀλλοπρόσαλλος
1178 1540 1436 1591 ὁμωρόφιος
1460 1555 1516 1588 με
1547 1543 1770 1589 δαμάσσει
1793 1544 1835 1590 ⁹).

205 1686 401 1728 Indolem
435 1685 547 1728 Petri
582 1688 624 1728 et
652 1686 865 1728 rationem
888 1688 1021 1740 atque
1044 1688 1372 1739 commercium,
1397 1699 1511 1742 quae
1534 1699 1633 1730 cum
1659 1686 1836 1732 Christo

145 1757 291 1807 habet,
335 1758 539 1799 accurata
582 1756 811 1811 diligentia
854 1758 1141 1811 paraphrasta
1179 1758 1392 1800 describit
1422 1760 1555 1812 atque
1589 1761 1835 1813 pertractat.

143 1827 376 1869 Vocabulo
409 1832 621 1882 θρασύς
653 1827 858 1880 exprimit
891 1827 948 1878 id,
983 1827 1104 1881 quod
1139 1829 1327 1870 maxime
1351 1829 1578 1883 proprium
1603 1828 1716 1871 Petri
1737 1841 1836 1872 esse

148 1898 381 1947 existimat,
415 1897 645 1938 audaciam
680 1897 782 1939 dico
817 1909 915 1939 cum
950 1898 1163 1951 loquendi
1196 1900 1286 1940 tum
1320 1899 1495 1954 agendi.
1530 1899 1673 1954 HuJ‘us
1698 1902 1837 1942 teme-

147 1968 285 2010 ritatis
333 1979 512 2009 causam
562 1967 681 2021 apud
730 1968 937 2009 Nonnum
987 1980 1086 2011 esse
1130 1968 1258 2011 Petro
1302 1970 1568 2012 celeritatem
1612 1970 1835 2024 quandam

145 2041 278 2092 atque
313 2038 532 2080 levitatem
568 2038 733 2092 ingenii
768 2039 810 2080 in
846 2041 1052 2093 promptu
1086 2041 1164 2081 est.
1198 2039 1327 2082 Unde
1361 2052 1459 2082 eum
1500 2043 1628 2082 vocat
1660 2049 1838 2085 αἰολό-

143 2130 292 2162 μητιν.
330 2107 537 2159 Alterum,
581 2108 703 2162 quod
747 2109 790 2150 in
831 2108 959 2151 Petro
1004 2110 1194 2160 miratur,
1237 2112 1304 2152 est
1348 2111 1615 2164 praecipuus
1658 2112 1754 2166 eius
1793 2112 1836 2153 in

147 2178 370 2222 Christum
414 2190 537 2220 amor
575 2181 616 2220 et
648 2179 803 2232 pietas.
839 2177 1005 2221 Ordine
1040 2181 1094 2222 de
1127 2180 1196 2222 his
1229 2179 1342 2223 Petri
1378 2181 1496 2223 vitiis
1528 2185 1570 2223 et
1601 2182 1836 2224 virtutibus

146 2262 288 2305 agam,
323 2250 484 2300 omnia,
519 2260 633 2302 quae
667 2250 710 2291 in
745 2249 1006 2304 Paraphrasi
1040 2251 1143 2293 fecit
1165 2252 1379 2305 dixitque,
1403 2252 1565 2294 collato
1589 2253 1836 2307 evangelio,

145 2322 420 2362 tractaturus.
455 2320 641 2374 Excipio
676 2321 932 2375 pericopen,
965 2333 1080 2375 quae
1113 2323 1203 2376 agit
1225 2322 1279 2364 de
1304 2321 1415 2364 Petri
1442 2323 1690 2377 negatione,
1715 2335 1835 2365 eam-

146 2403 248 2445 que,
269 2402 357 2445 qua
375 2391 530 2433 missio
550 2391 645 2445 ejus
669 2391 946 2443 describitur,
977 2393 1078 2434 ideo
1102 2392 1223 2446 quod
1248 2393 1323 2435 illa
1346 2392 1519 2434 Petrum
1544 2394 1651 2435 vitio
1674 2394 1836 2448 abrep-

146 2464 236 2504 tum
281 2462 623 2503 committentem
667 2462 905 2504 maximum
950 2465 1180 2517 peccatum
1224 2463 1437 2518 depingit,
1471 2464 1581 2506 haec
1614 2475 1834 2506 summum

148 2533 244 2587 ejus
278 2533 320 2574 in
355 2531 578 2576 Christum
612 2544 805 2575 amorem
841 2534 1044 2576 celebrat.
1080 2533 1170 2576 Has
1200 2535 1435 2588 pericopas
1458 2534 1659 2589 singulas
1682 2536 1836 2590 singu-

147 2604 202 2646 lis
236 2604 429 2645 numeris
463 2604 753 2657 pertractabo.

206 2674 482 2716 Vocabulum
527 2681 807 2729 θρασύς-Ἰ
851 2675 893 2716 in
937 2674 1198 2729 Paraphrasi
1243 2676 1379 2718 semel
1419 2679 1461 2719 et
1497 2677 1637 2719 vicies
1680 2677 1837 2732 legitur

148 2745 284 2799 idque
318 2745 558 2798 quinquies
592 2745 645 2787 de
680 2744 807 2786 Petro
830 2742 875 2799 4).
915 2745 1093 2800 Duplex
1125 2749 1269 2788 autem
1304 2747 1425 2789 notio
1458 2748 1561 2790 huic
1593 2749 1693 2790 voci
1728 2748 1836 2790 sub-

144 2816 261 2870 J‘ecta
295 2818 373 2857 est.
407 2814 633 2869 Accipitur
665 2816 796 2867 enim,
831 2819 960 2870 prout
994 2829 1063 2859 res
1097 2817 1304 2871 postulat,
1338 2818 1431 2860 sive
1466 2819 1509 2860 in
1543 2819 1706 2861 bonam
1740 2819 1835 2861 sive

201 2985 228 3030 ¹)
257 2986 315 3022 Cf.
340 2987 396 3033 JO.
427 2987 512 3022 XXI
555 2987 619 3023 18:
653 2986 828 3028 ἐζώννυες
854 2985 1019 3023 σεαυτόν.

200 3043 228 3087 ²)
257 3044 315 3081 Cf.
342 3045 425 3081 Par.
456 3046 551 3089 XIV,
578 3046 624 3081 29
650 3056 719 3090 sq..

200 3101 229 3147 3)
257 3103 314 3140 Cf.
346 3115 381 3139 n.
405 3105 462 3140 80.
741 3103 772 3148 ⁴)
800 3104 881 3140 Par.
902 3106 925 3149 I,
948 3107 1033 3150 1763
1062 3107 1121 3150 lv,
1145 3107 1225 3150 131;
1252 3107 1381 3151 XVIII,
1399 3109 1439 3144 51
1463 3119 1471 3151 ;
1499 3107 1596 3151 ΧΧἸ,
1615 3109 1654 3143 71
1675 3119 1683 3150 ;
1713 3108 1790 3143 102.

1674 3179 1696 3213 3

1898 1680 1950 1723 N.
1980 1680 2045 1723 17.
