2180 3606
126 2477 177 2518 N.
204 2477 271 2519 31.

1166 163 1224 206 66

345 302 426 336 καὶ
454 298 616 346 ἤγαγον
646 300 754 348 πρὸς
770 297 928 336 ’Ἄνναν
953 304 1131 346 πρῶτον
1156 300 1209 346 Ι),·
1241 292 1428 334 deinde:
1462 299 1727 337 ἀπέστειλεν
1753 293 1835 338 οὖν
1859 300 1998 340 αὐτὸν
2016 300 2042 339 ὸ

337 368 492 417 Ἄννας
517 364 764 416 δεδεμένον
788 370 896 418 πρὸς
924 370 1137 417 Καϊάφαν
1162 371 1241 407 τὸν
1267 369 1475 419 ἀρχιερέα
1504 372 1561 418 ²);
1587 366 1703 406 tum:
1727 369 1932 418 ’Ἄγουσιν
1958 363 2041 409 οὖν

344 442 426 488 τὸν
445 438 614 488 Ἰησοῦν
640 440 726 478 ἀπὸ
744 446 825 478 τοῦ
844 441 1031 488 Καϊάφα
1053 441 1116 487 εἰς
1133 442 1185 478 τὸ
1202 441 1476 490 πραιτώριον
1489 443 1533 489 ¹).
1556 434 1788 477 Ministros
1813 432 2037 478 Christum

346 505 528 557 duxisse
558 506 601 546 in
626 504 806 546 domum
830 501 1029 558 Caiphae
1052 505 1218 546 certum
1242 507 1322 547 est.
1357 505 1452 547 Hoc
1477 505 1664 547 efficitur
1687 517 1709 547 e
1735 505 1874 547 Luca:
1898 511 2039 550 αὐτὸν

344 582 592 631 ἤγαγονκαὶ
606 582 836 629 εἰσήγαγον
862 582 939 628 εἰς
961 583 1057 628 τὴν
1078 582 1265 619 οἰκίαν
1287 588 1386 620 τοῦ
1409 581 1768 631 ἀρχιερέωςῆ.
1791 575 1835 618 In
1855 576 2035 618 domum

345 647 476 701 igitur
517 645 742 700 pontificis
768 645 919 700 Jesum
953 645 1185 687 duxerunt.
1218 645 1349 699 Atqui
1384 647 1455 689 hic
1489 646 1689 700 pontifex
1723 644 1921 701 CaIphas
1954 648 2034 697 est,

344 719 390 759 ut
411 719 531 771 patet
548 728 571 758 e
589 716 837 758 Matthaeo:
860 724 940 760 τὸν
950 720 1119 770 Ἰησοῦν
1133 722 1356 771 ἀπήγαγον
1369 726 1476 772 πρὸς
1494 724 1705 770 Καϊάφαν
1719 725 1798 761 τὸν
1813 722 2036 772 ἀρχιερέα,

341 794 455 832 ὅπου
479 794 524 832 οἱ
548 799 824 843 γραμματεῖς
848 796 923 830 καὶ
949 792 992 830 οἱ
1017 793 1310 842 πρεσβύτεροι
1336 793 1625 840 συνήχθησαν
1639 795 1683 841 ⁵).
1706 785 1795 830 Sed
1819 788 1862 829 in
1884 787 2038 830 Annae

342 859 523 901 domum
568 856 793 901 Christum
827 868 926 899 esse
960 857 1141 899 ductum
1170 857 1365 912 Joannes
1398 869 1486 899 non
1520 860 1676 908 narrat,
1709 869 1862 900 verum
1894 858 2035 900 sieut:

344 929 435 981 „ad
460 927 722 983 Caipham'’,
745 929 826 971 ita:
853 928 945 979 „ad
969 927 1169 970 Annam'’
1193 928 1313 970 dicit.
1336 928 1488 971 Annas
1510 931 1656 971 autem
1680 931 1754 970 aut
1772 929 1815 970 In
1834 927 2034 982 Caiphae

340 1000 490 1055 generi
525 999 660 1041 domo
693 1001 768 1042 aut
798 1000 843 1041 in
876 1000 971 1041 suis
1002 998 1193 1041 aedibus
1225 999 1385 1042 adesse
1419 1000 1576 1053 potuit.
1609 998 1663 1041 At
1695 994 1883 1042 Nonnus
1912 1001 1953 1041 et
1977 999 2033 1042 de

335 1070 489 1113 Annae
522 1070 657 1113 domo
691 1072 732 1112 et
764 1070 819 1112 de
853 1067 1051 1124 Caiphae
1084 1070 1275 1112 aedibus
1308 1070 1580 1112 mentionem
1615 1070 1734 1121 facit,
1769 1081 1832 1112 sc.

383 1163 467 1214 Par.
493 1163 622 1207 XVIII,
647 1164 716 1199 63:
755 1158 915 1197 ’Ἄννα
940 1160 1137 1209 Χριστὸν
1164 1158 1344 1206 ἄγοντες
1370 1158 1420 1206 ἐς
1445 1160 1628 1197 οἰκίον
1654 1158 1964 1208 ἁρχιερῆος,

383 1234 467 1270 Par.
482 1234 610 1278 XVIII,
627 1234 715 1270 13οε
767 1234 845 1267 Ka
859 1231 913 1267 ϊά
925 1245 993 1277 φα
1020 1231 1080 1267 δὲ
1106 1230 1365 1279 μέλαθρα
1390 1230 1633 1279 κατήγορος
1658 1229 1793 1277 ε’σμὸς
1818 1230 1951 1278 ἐάσας

627 1307 715 1341 131;
765 1301 828 1348 εἰς
853 1301 999 1347 δόμον
1025 1299 1266 1348 αὐχήεντος
1293 1300 1522 1346 ἐκώμασεν
1548 1300 1791 1348 ήγεμονῆος

626 1376 715 1412 132;
762 1369 945 1418 Ἰησοῦν.

335 1460 565 1504 Praeterea
596 1459 821 1504 Christum
855 1461 1039 1502 missurn
1074 1471 1174 1502 esse
1207 1461 1264 1502 ab
1296 1459 1423 1502 Anna
1454 1461 1510 1502 ad
1545 1458 1762 1514 Caipham
1797 1461 1904 1502 dicit

382 1536 465 1572 Par.
480 1536 608 1579 XVIII,
626 1537 714 1571 114:
760 1529 930 1579 Ἰησοῦν
955 1532 1219 1580 προέηκεν
1245 1531 1305 1580 ἑῷ
1331 1532 1556 1569 λυσσωδέι
1582 1536 1783 1581 γαμβρῷ.

335 1602 530 1656 Uterque
564 1602 695 1657 igitur
728 1603 771 1643 in
805 1602 940 1643 domo
973 1613 1054 1643 sua
1087 1600 1329 1643 Dominum
1364 1602 1546 1655 recepit.

334 1673 378 1715 ln
411 1684 492 1716 sua
524 1673 673 1727 itaque
707 1672 842 1714 domo
875 1671 1026 1714 Annas
1060 1670 1285 1715 Christum
1320 1673 1616 1726 interrogaVIt.
1651 1672 1845 1714 Maxime
1879 1674 2025 1714 tamen

333 1744 573 1787 verisimile
606 1746 673 1786 est
703 1744 884 1786 alterius
917 1743 1099 1785 domum
1130 1743 1282 1785 domui
1307 1743 1487 1785 alterius
1511 1744 1659 1785 medio
1683 1742 1898 1785 cavaedi0
1922 1755 2033 1785 con-

332 1815 526 1870 Junctam
555 1826 669 1857 esse.
703 1812 777 1857 Sic
801 1813 957 1856 Petrus
980 1815 1023 1855 in
1047 1814 1207 1856 eodem
1230 1815 1355 1864 atrio,
1379 1814 1502 1868 quod
1528 1816 1569 1856 et
1590 1814 1646 1856 ad
1670 1813 1823 1856 Annae
1846 1813 2029 1856 domum

333 1888 375 1928 et
406 1887 463 1929 ad
496 1884 695 1940 Caiphae
727 1886 864 1928 aedes
897 1885 1159 1940 pertinebat,
1193 1883 1435 1927 Dominum
1468 1886 1531 1926 ter
1564 1885 1754 1939 negavit.
1789 1881 1862 1927 Sic
1896 1886 2027 1927 etiam

332 1957 597 2011 discipulus,
631 1957 707 2011 qui
743 1956 917 1999 Petrum
951 1957 994 1998 in
1028 1956 1173 1998 aulam
1199 1956 1385 2007 induxit,
1409 1957 1541 1998 notus
1564 1954 1779 2010 Caiphae,
1803 1956 1846 1998 in
1870 1956 2026 1999 atrium

333 2027 485 2070 Annae
519 2029 696 2071 introiit.

1163 2246 1207 2287 F.

956 2358 1160 2401 ΡιιΑτυε
1193 2367 1408 2402 PRAESES.

396 2470 568 2522 Rerum,
602 2483 717 2526 quae
751 2471 855 2514 inde
887 2484 912 2514 a
945 2470 1039 2513 Par.
1072 2470 1213 2522 XVIII,
1251 2471 1334 2513 130
1365 2482 1508 2524 usque
1541 2471 1596 2512 ad
1629 2469 1737 2520 XIX,
1775 2470 1857 2512 198
1873 2467 1906 2524 ⁶)
1930 2481 2029 2512 nar-

338 2544 497 2592 rantur,
541 2554 701 2597 magna
734 2554 836 2596 pars
869 2541 1037 2584 Pilatus
1071 2553 1252 2595 praeses
1284 2542 1365 2583 fuit
1399 2542 1543 2595 iisque
1576 2541 1687 2583 solis
1720 2541 1833 2583 locis
1867 2552 2027 2583 nomen

337 2613 434 2667 eJ'us
466 2613 635 2668 legitur.
671 2614 734 2655 En
768 2614 1056 2668 praecipuos:

338 2693 419 2730 Par.
439 2695 567 2738 XVIII,
596 2695 684 2731 130:
736 2692 925 2738 Καϊάφα
951 2693 1002 2728 δὲ
1028 2691 1239 2740 μέλαθρα
1265 2690 1505 2739 κατήγορος
1532 2688 1665 2736 ἐσμὸς
1692 2689 1824 2736 ἐάσας

598 2767 687 2801 131:
737 2763 799 2809 εἰς
825 2763 970 2808 δόμον
997 2761 1238 2809 αὐχήεντος
1264 2760 1493 2807 ἐκώμασεν
1519 2760 1760 2808 ἡγεμονῆος

598 2837 685 2872 132:
733 2831 902 2879 Ἰησοῦν
929 2832 1151 2870 ἐθέλοντα
1177 2831 1415 2880 φερέσβιον
1440 2832 1503 2878 εἰς
1527 2831 1671 2879 μόρον
1697 2829 1839 2868 ἕλκων
1863 2832 1904 2877 ⁷).

391 2947 418 2992 ¹)
440 2950 497 2994 Jo.
524 2949 652 2991 XVIII,
680 2949 734 2985 13.
858 2949 887 2992 ⁴)
915 2950 1004 2985 Luc.
1031 2949 1144 2991 XXII,
1170 2949 1226 2984 54.
1599 2945 1626 2990 ⁷)
1655 2945 1713 2982 Cf.
1735 2947 1792 2993 Jo.
1819 2945 1946 2988 XVIII,
1971 2945 2029 2980 28.

389 3005 418 3051 ¹)
440 3008 496 3054 Jo.
524 3003 652 3050 XVIII,
678 3010 735 3043 24.
859 3007 887 3051 ⁵)
914 3009 1050 3045 Matth.
1076 3008 1210 3050 XXVI,
1235 3009 1293 3043 57.

388 3064 418 3109 ³)
440 3067 497 3112 Jo.
525 3066 652 3110 XVIII,
678 3067 734 3102 28.
860 3065 887 3110 ⁶}
917 3067 974 3103 Cf.
997 3069 1054 3113 Jo.
1082 3067 1210 3110 XVIII,
1235 3067 1427 3109 28—xlx,
1454 3066 1510 3101 38.
