2180 3606
1126 190 1183 232 30

306 324 363 366 ita
397 325 441 366 ut
475 322 661 365 Nonnus
696 320 852 363 dixerit
888 319 1019 370 idem,
1049 318 1171 373 quod
1197 319 1469 374 evangelista
1493 318 1624 360 dixit:
1655 325 1734 362 τὸν
1753 322 1997 372 ἐπενδύτην

304 401 564 446 διεζώσατο,
599 393 651 447 ἦν
683 401 765 448 γὰρ
792 398 958 446 γυμνός
983 399 1024 444 ¹),
1059 391 1084 432 i.
1111 401 1147 432 e.
1182 390 1375 433 tunicam
1410 388 1729 439 circumcinxit,
1764 390 1997 442 propterea

305 464 427 518 quod
471 463 617 506 nudus
660 464 763 505 erat.
796 461 862 503 Ad
895 473 935 503 v.
968 460 1157 511 40—42,
1192 460 1267 514 qui
1302 460 1356 503 de
1391 458 1672 515 subligaculo
1705 459 1853 514 agunt,
1887 459 1996 500 haec

305 535 519 589 particula
537 535 738 589 spectare
764 543 852 574 non
877 532 1036 586 potest.
1061 528 1174 580 Quis
1199 531 1314 573 enim
1339 530 1546 573 Nonnum
1565 529 1738 571 tinxerit
1755 528 1995 572 dicentem:

304 603 471 655 Petrus,
487 605 667 647 omnino
688 603 848 654 nudus,
869 602 1056 656 primum
1077 600 1357 656 subligaculo
1377 601 1571 643 contexit
1590 600 1820 655 pudorem,
1835 599 1997 642 deinde

304 677 497 718 tunicam
543 675 684 716 induit
728 675 768 716 et
810 671 1065 716 succinxit?
1108 670 1419 726 Praeterquam
1459 670 1581 726 quod
1616 669 1771 713 Petrus
1803 671 1996 713 tunicam

305 747 536 789 induturus
569 743 850 800 subligaculo
886 755 974 786 non
1009 743 1210 798 indiguit,
1244 744 1330 785 tam
1359 743 1531 785 cinctus
1556 753 1687 796 quam
1713 753 1801 783 non
1825 742 1998 784 cinctus

304 817 584 871 subligaculo
617 823 783 870 γυμνός
805 817 908 857 erat.
936 814 1032 857 Vox
1055 823 1196 868 δέμας
1219 814 1348 856 etiam
1373 813 1567 856 indicare
1593 812 1767 855 videtur
1789 811 1996 854 Nonnum

304 886 630 942 subligaculum
683 886 948 941 neglexisse.
983 883 1212 940 Significat
1245 885 1360 927 enim
1394 884 1530 926 totius
1564 883 1767 937 corporis
1799 882 1997 938 figuram,

304 959 501 1009 formam,
545 960 683 1000 totum
718 969 895 1012 corpus.
936 955 1008 1000 Sic
1042 957 1177 999 verba
1205 955 1423 1011 Joannea:
1457 961 1481 999 ὁ
1509 962 1693 1011 τρώγων
1720 973 1777 1007 με
1810 954 1999 996 circum-

303 1029 479 1071 scribit:
521 1035 655 1082 ἐμὸν
697 1036 867 1082 δέμας
905 1035 1202 1080 εἰλαπινάζων
1223 1035 1267 1082 ²),
1312 1029 1371 1069 et:
1416 1031 1536 1071 ἔστιν
1561 1035 1643 1082 γὰρ
1669 1032 1870 1081 καθαρὸς
1896 1029 2000 1078 ὅλος

306 1100 520 1155 explicat:
567 1107 773 1156 καθαρὸν
811 1107 893 1155 γὰρ
937 1104 1068 1144 ὅλον
1109 1107 1283 1152 δέμας
1317 1106 1361 1152 ⁸)·
1406 1097 1607 1140 Attamen
1657 1108 1745 1138 non
1794 1098 1873 1146 est,
1923 1106 2000 1137 cur

304 1182 479 1213 versum
517 1171 601 1213 43:
642 1178 812 1226 γυμνὸν
849 1178 931 1226 γὰρ
970 1172 1050 1212 cet.
1085 1171 1188 1223 post
1220 1181 1260 1211 v.
1293 1168 1377 1211 39:
1417 1178 1491 1213 καὶ
1521 1177 1655 1223 λινέῳ
1688 1169 1769 1209 cet.
1804 1166 1998 1221 positum

305 1253 404 1285 esse
447 1242 651 1284 velimus.
695 1239 976 1296 Quamquam
1010 1241 1126 1283 enim
1161 1239 1315 1282 Petrus
1348 1240 1541 1282 tunicam
1577 1239 1732 1289 induit,
1767 1239 2000 1293 propterea

306 1313 428 1367 quod
463 1313 609 1356 nudus
643 1314 745 1363 erat,
780 1314 924 1355 tamen
959 1312 1114 1354 eadem
1150 1310 1328 1353 nuditas
1351 1311 1389 1353 ei
1416 1311 1458 1352 in
1483 1321 1618 1353 causa
1641 1309 1735 1360 fuit,
1759 1320 1836 1352 cur
1858 1308 1999 1351 subli-

305 1384 464 1438 gaculo
498 1395 546 1426 se
580 1384 776 1435 texisset,
811 1395 910 1426 cum
945 1383 1203 1439 piscaretur,
1238 1383 1417 1437 propter
1450 1380 1778 1424 verecundiam.

365 1455 408 1497 ln
443 1454 722 1509 explicandis
756 1454 959 1497 versibus

353 1537 436 1573 Par.
463 1536 560 1581 ΧΧΙ,
585 1536 653 1572 38:
704 1531 855 1578 εἵματι
880 1531 1097 1580 μυδαλέῳ
1124 1531 1313 1579 λαγόνας
1338 1530 1596 1580 μιτρώσατο
1624 1531 1778 1575 Σίμων

586 1607 653 1643 39:
703 1605 777 1640 καὶ
803 1601 937 1651 λινέῳ
964 1602 1217 1640 πεπύκαστο
1247 1601 1510 1651 πολυτρήτῳ
1535 1601 1648 1650 χρόα
1674 1600 1826 1648 πέπλῳ

306 1681 469 1735 aliquis
517 1679 642 1722 labor
688 1681 729 1721 et
777 1678 1015 1722 difficultas
1064 1680 1142 1721 est.
1189 1677 1269 1721 His
1317 1678 1520 1720 versibus
1567 1688 1645 1731 per
1693 1676 1997 1719 circuitionem

307 1752 582 1806 explicantur
627 1750 762 1793 verba
810 1750 1134 1804 evangelistae:
1178 1756 1256 1794 τὸν
1290 1754 1535 1803 ἐπενδύτην
1573 1755 1833 1801 διεζώσατο.
1877 1745 2000 1788 Prior

305 1833 460 1864 versus
493 1822 671 1864 duobus
705 1820 852 1863 modis
885 1822 1032 1875 potest
1064 1820 1289 1875 explanari
1324 1822 1365 1862 et
1397 1820 1519 1870 verti,
1553 1831 1614 1862 sc.

370 1894 385 1935 l
406 1907 414 1935 :
439 1893 702 1935 vestimento
721 1888 946 1946 madido⁴¹)
965 1903 1064 1946 pro
1088 1893 1141 1934 tu
1158 1891 1286 1934 nica
1309 1890 1487 1933 lumbos
1506 1890 1813 1933 circumcinxit
1829 1887 1998 1940 Simon,

365 1965 415 2007 2:
440 1964 703 2006 vestimento
723 1962 903 2005 madido
928 1974 955 2016 p
972 1974 1029 2004 ro
1054 1962 1290 2017 cingulo
1313 1962 1491 2004 lumbos
1510 1958 1997 2004 circumcinxitSimon.

307 2034 394 2079 Sed
437 2048 535 2078 cum
578 2045 733 2077 versus
776 2034 833 2076 39
865 2034 1017 2076 intime
1051 2045 1149 2077 cum
1184 2045 1313 2076 versu
1347 2033 1417 2085 38,
1451 2033 1526 2087 qui
1562 2032 1801 2088 praecedit,
1835 2032 1997 2074 cohae-

307 2109 409 2158 reat,
454 2107 525 2149 hic
570 2107 606 2149 si
652 2106 843 2161 priorem
882 2116 1038 2148 versus
1077 2105 1387 2160 praecedentis
1425 2105 1677 2147 versionem
1718 2116 1863 2147 veram
1898 2114 1998 2146 esse

308 2181 450 2233 putas,
484 2178 723 2220 vertendus
752 2179 840 2219 est:
875 2178 916 2219 et
946 2177 1064 2219 lineo
1099 2188 1121 2219 c
1141 2188 1166 2218 o
1186 2189 1212 2218 n
1231 2179 1246 2219 t
1265 2188 1332 2218 ex
1352 2177 1397 2218 it
1429 2176 1652 2218 multiforo
1676 2187 1841 2230 corpus
1863 2175 1999 2217 vesti-

307 2251 468 2300 mento,
504 2250 562 2291 ita
595 2251 640 2291 ut
672 2260 802 2290 versu
835 2247 892 2290 39
925 2247 1081 2290 eadem
1115 2246 1228 2290 Petri
1263 2247 1379 2290 actio
1413 2247 1671 2301 designetur
1700 2257 1751 2289 ac
1774 2257 1904 2288 versu
1927 2245 1998 2296 38,

308 2321 382 2374 qui
418 2320 654 2375 praecedit.
687 2319 904 2362 Tunicam
945 2319 1075 2373 igitur
1108 2318 1263 2368 induit,
1297 2329 1412 2372 quae
1446 2317 1623 2360 lumbos
1656 2317 1911 2359 circumdat.
1951 2313 1996 2358 Si

307 2402 439 2434 secus
487 2391 714 2433 existimas
762 2391 804 2432 et
850 2389 1028 2432 alteram
1078 2389 1327 2431 versionem
1367 2388 1576 2443 praefers,
1614 2399 1769 2430 versus
1801 2387 1858 2430 39
1889 2387 1996 2429 verti

308 2463 457 2504 debet:
492 2465 533 2504 et
566 2462 684 2504 lineo
722 2462 1108 2504 contexerat
1142 2459 1364 2502 multiforo
1399 2470 1563 2515 corpus
1590 2460 1869 2502 vestimentO.
1903 2456 1997 2500 Pri-

309 2545 425 2575 mum
471 2533 601 2587 igitur
643 2531 797 2574 Petrus
839 2532 1032 2574 tunicam
1073 2531 1228 2583 induit,
1261 2531 1425 2573 deinde
1457 2530 1722 2573 vestimento
1755 2529 1997 2572 convoluto

361 2684 387 2729 ¹)
410 2686 467 2731 Jo.
493 2685 591 2729 XXl,
617 2686 649 2721 7.
1204 2682 1234 2728 ²)
1257 2684 1314 2731 Jo.
1342 2683 1402 2728 VI,
1427 2684 1473 2720 57
1499 2696 1541 2712 --
1567 2682 1650 2720 Par.
1676 2682 1737 2726 Vl,
1767 2683 1844 2719 172.

359 2742 388 2788 ⁸)
411 2745 468 2791 Jo.
503 2744 595 2788 Xlll,
632 2745 675 2780 10
700 2757 741 2773 =
769 2744 852 2780 Par.
887 2743 981 2788 Xlll,
1015 2744 1084 2787 47;
1119 2743 1167 2779 cf.
1204 2745 1357 2779 ceteros
1391 2742 1473 2778 Par.
1508 2743 1641 2779 locos:
1669 2742 1692 2786 l,
1721 2742 1810 2785 120;
1839 2742 1879 2785 ΙΙ,
1908 2742 1996 2784 108;

309 2804 365 2847 111,
390 2804 459 2847 26;
494 2803 538 2847 V,
563 2804 608 2846 8;
634 2804 702 2846 80;
737 2803 868 2847 V1,5;
896 2803 956 2847 Xl,
986 2803 1076 2846 159;
1105 2803 1192 2845 170;
1219 2802 1310 2845 226;
1343 2801 1436 2844 Xlll,
1461 2802 1530 2844 445
1558 2801 1687 2844 XVlll,
1715 2801 1804 2844 ll7;
1831 2800 1928 2845 xlx,
1954 2801 1994 2843 5;

309 2862 358 2898 cf.
385 2862 496 2898 Dion.
524 2862 684 2906 XLVlll,
711 2863 788 2898 109.

358 2919 387 2964 ⁴)
415 2920 531 2957 Solus
558 2922 729 2966 optimus
755 2922 878 2958 codex
897 2921 929 2957 V
947 2919 1117 2967 μυδαλέῳ
1135 2920 1263 2964 habet,
1282 2920 1398 2957 ceteri
1417 2929 1554 2957 omnes
1572 2916 1769 2966 δαιδαλέᾳ).
1795 2919 1872 2957 Sed
1890 2920 1996 2965 quod

308 2981 357 3016 ad
395 2989 576 3016 versuum
608 2981 926 3024 explanationem
965 2980 1113 3023 attinet,
1152 2980 1246 3015 nihil
1285 2979 1410 3016 refert.
1448 2975 1546 3022 Εἶμα
1585 2979 1686 3015 enim
1725 2979 1810 3016 sive
1837 2979 1874 3015 in
1905 2978 1994 3015 navi

308 3040 477 3084 positum
505 3039 588 3075 sive
614 3040 765 3084 corpori
793 3040 1001 3084 piscatoris
1026 3039 1305 3075 circumdatum
1333 3038 1529 3075 madidum
1557 3038 1680 3074 fuisse
1708 3038 1874 3075 maxime
1896 3038 1994 3074 verl-

308 3099 434 3135 simile
460 3099 530 3134 est.
