<?xml version="1.0" encoding="UTF-8"?>
<!DOCTYPE html PUBLIC "-//W3C//DTD XHTML 1.0 Transitional//EN"
    "http://www.w3.org/TR/xhtml1/DTD/xhtml1-transitional.dtd">
<html xmlns="http://www.w3.org/1999/xhtml" xml:lang="en" lang="en">
 <head>
  <title>
</title>
<meta http-equiv="Content-Type" content="text/html;charset=utf-8" />
  <meta name='ocr-system' content='tesseract 3.04.00' />
  <meta name='ocr-capabilities' content='ocr_page ocr_carea ocr_par ocr_line ocrx_word'/>
</head>
<body>
  <div class='ocr_page' id='page_1' title='image "./quaestionesnonni00preluoft_0031.png"; bbox 0 0 2180 3606; ppageno 0'>
   <div class='ocr_carea' id='block_1_1' title="bbox 931 205 982 247">
    <p class='ocr_par' dir='ltr' id='par_1_1' title="bbox 931 205 982 247">
     <span class='ocr_line' id='line_1_1' title="bbox 931 205 982 247; baseline 0.02 -1"><span class='ocrx_word' id='word_1_1' title='bbox 931 205 982 247; x_wconf 90' lang='grc'>13</span> 
     </span>
    </p>
   </div>
   <div class='ocr_carea' id='block_1_2' title="bbox 119 332 1816 2786">
    <p class='ocr_par' dir='ltr' id='par_1_2' title="bbox 119 332 1807 597">
     <span class='ocr_line' id='line_1_2' title="bbox 179 332 1805 387; baseline 0 -11"><span class='ocrx_word' id='word_1_2' title='bbox 179 333 240 376; x_wconf 93' lang='lat' dir='ltr'>Ut·</span> <span class='ocrx_word' id='word_1_3' title='bbox 283 334 426 376; x_wconf 81' lang='lat' dir='ltr'>statim</span> <span class='ocrx_word' id='word_1_4' title='bbox 477 333 635 384; x_wconf 90' lang='lat' dir='ltr'>dicam,</span> <span class='ocrx_word' id='word_1_5' title='bbox 684 333 792 387; x_wconf 88' lang='lat' dir='ltr'>quid</span> <span class='ocrx_word' id='word_1_6' title='bbox 837 333 892 375; x_wconf 95' lang='lat' dir='ltr'>de</span> <span class='ocrx_word' id='word_1_7' title='bbox 933 333 1139 376; x_wconf 82' lang='lat' dir='ltr'>fratribus</span> <span class='ocrx_word' id='word_1_8' title='bbox 1181 332 1361 375; x_wconf 87' lang='lat' dir='ltr'>Domini</span> <span class='ocrx_word' id='word_1_9' title='bbox 1404 333 1592 376; x_wconf 88' lang='lat' dir='ltr'>Nonnus</span> <span class='ocrx_word' id='word_1_10' title='bbox 1633 335 1805 384; x_wconf 89' lang='lat' dir='ltr'>sentiat,</span> 
     </span>
     <span class='ocr_line' id='line_1_3' title="bbox 120 402 1806 458; baseline 0.001 -13"><span class='ocrx_word' id='word_1_11' title='bbox 120 404 342 446; x_wconf 87' lang='lat' dir='ltr'>existimat</span> <span class='ocrx_word' id='word_1_12' title='bbox 373 402 417 458; x_wconf 90' lang='lat' dir='ltr'>a)</span> <span class='ocrx_word' id='word_1_13' title='bbox 451 415 529 446; x_wconf 91' lang='lat' dir='ltr'>eos</span> <span class='ocrx_word' id='word_1_14' title='bbox 563 415 663 446; x_wconf 89' lang='lat' dir='ltr'>esse</span> <span class='ocrx_word' id='word_1_15' title='bbox 696 415 797 446; x_wconf 88' lang='lat' dir='ltr'>vere</span> <span class='ocrx_word' id='word_1_16' title='bbox 829 403 947 446; x_wconf 83' lang='lat' dir='ltr'>filios</span> <span class='ocrx_word' id='word_1_17' title='bbox 975 404 1173 458; x_wconf 87' lang='lat' dir='ltr'>Josephi,</span> <span class='ocrx_word' id='word_1_18' title='bbox 1204 405 1284 447; x_wconf 90' lang='lat' dir='ltr'>sed</span> <span class='ocrx_word' id='word_1_19' title='bbox 1318 402 1366 458; x_wconf 95' lang='lat' dir='ltr'>b)</span> <span class='ocrx_word' id='word_1_20' title='bbox 1400 416 1682 458; x_wconf 81' lang='lat' dir='ltr'>nequaquam</span> <span class='ocrx_word' id='word_1_21' title='bbox 1706 416 1806 447; x_wconf 93' lang='lat' dir='ltr'>esse</span> 
     </span>
     <span class='ocr_line' id='line_1_4' title="bbox 119 472 1807 529; baseline 0.001 -14"><span class='ocrx_word' id='word_1_22' title='bbox 119 473 273 516; x_wconf 83' lang='lat' dir='ltr'>fratres</span> <span class='ocrx_word' id='word_1_23' title='bbox 316 472 478 517; x_wconf 86' lang='lat' dir='ltr'>Christi</span> <span class='ocrx_word' id='word_1_24' title='bbox 523 485 604 516; x_wconf 91' lang='lat' dir='ltr'>nec</span> <span class='ocrx_word' id='word_1_25' title='bbox 647 472 691 528; x_wconf 96' lang='lat' dir='ltr'>c)</span> <span class='ocrx_word' id='word_1_26' title='bbox 733 474 971 516; x_wconf 89' lang='lat' dir='ltr'>duodecim</span> <span class='ocrx_word' id='word_1_27' title='bbox 1010 475 1229 529; x_wconf 90' lang='lat' dir='ltr'>apostolis</span> <span class='ocrx_word' id='word_1_28' title='bbox 1261 475 1539 517; x_wconf 91' lang='lat' dir='ltr'>adnumerari</span> <span class='ocrx_word' id='word_1_29' title='bbox 1574 477 1614 516; x_wconf 95' lang='lat' dir='ltr'>et</span> <span class='ocrx_word' id='word_1_30' title='bbox 1646 473 1694 528; x_wconf 96' lang='lat' dir='ltr'>d)</span> <span class='ocrx_word' id='word_1_31' title='bbox 1728 486 1807 517; x_wconf 90' lang='lat' dir='ltr'>eos</span> 
     </span>
     <span class='ocr_line' id='line_1_5' title="bbox 121 546 671 597; baseline 0 -12"><span class='ocrx_word' id='word_1_32' title='bbox 121 555 220 586; x_wconf 91' lang='lat' dir='ltr'>esse</span> <span class='ocrx_word' id='word_1_33' title='bbox 254 555 436 586; x_wconf 93' lang='lat' dir='ltr'>numero</span> <span class='ocrx_word' id='word_1_34' title='bbox 470 546 671 597; x_wconf 90' lang='lat' dir='ltr'>quatuor.</span> 
     </span>
    </p>

    <p class='ocr_par' dir='ltr' id='par_1_3' title="bbox 119 613 1812 1443">
     <span class='ocr_line' id='line_1_6' title="bbox 179 613 1805 669; baseline 0.001 -14"><span class='ocrx_word' id='word_1_35' title='bbox 179 613 288 655; x_wconf 85' lang='lat' dir='ltr'>Eum</span> <span class='ocrx_word' id='word_1_36' title='bbox 321 614 475 656; x_wconf 80' lang='lat' dir='ltr'>iratres</span> <span class='ocrx_word' id='word_1_37' title='bbox 507 613 687 656; x_wconf 91' lang='lat' dir='ltr'>Domini</span> <span class='ocrx_word' id='word_1_38' title='bbox 722 626 802 668; x_wconf 92' lang='lat' dir='ltr'>pro</span> <span class='ocrx_word' id='word_1_39' title='bbox 835 613 938 656; x_wconf 84' lang='lat' dir='ltr'>filiis</span> <span class='ocrx_word' id='word_1_40' title='bbox 957 614 1140 669; x_wconf 91' lang='lat' dir='ltr'>Josephi</span> <span class='ocrx_word' id='word_1_41' title='bbox 1166 616 1377 658; x_wconf 84' lang='lat' dir='ltr'>habuisse</span> <span class='ocrx_word' id='word_1_42' title='bbox 1401 614 1626 657; x_wconf 89' lang='lat' dir='ltr'>declarant</span> <span class='ocrx_word' id='word_1_43' title='bbox 1648 615 1805 657; x_wconf 88' lang='lat' dir='ltr'>verba:</span> 
     </span>
     <span class='ocr_line' id='line_1_7' title="bbox 120 684 1808 739; baseline 0 -12"><span class='ocrx_word' id='word_1_44' title='bbox 120 691 442 739; x_wconf 76' lang='grc' dir='ltr'><strong>τετράζυγες</strong></span> <span class='ocrx_word' id='word_1_45' title='bbox 469 684 581 737; x_wconf 75' lang='grc' dir='ltr'><strong><em>υἷες</em></strong></span> <span class='ocrx_word' id='word_1_46' title='bbox 602 688 790 738; x_wconf 77' lang='grc' dir='ltr'><em>Ἰωσήφ</em></span> <span class='ocrx_word' id='word_1_47' title='bbox 814 693 856 738; x_wconf 85' lang='lat'>¹),</span> <span class='ocrx_word' id='word_1_48' title='bbox 900 696 1014 738; x_wconf 90' lang='lat' dir='ltr'>quae</span> <span class='ocrx_word' id='word_1_49' title='bbox 1048 685 1136 727; x_wconf 91' lang='lat' dir='ltr'>alio</span> <span class='ocrx_word' id='word_1_50' title='bbox 1169 684 1304 727; x_wconf 90' lang='lat' dir='ltr'>modo</span> <span class='ocrx_word' id='word_1_51' title='bbox 1338 685 1548 739; x_wconf 88' lang='lat' dir='ltr'>explicari</span> <span class='ocrx_word' id='word_1_52' title='bbox 1584 697 1672 727; x_wconf 91' lang='lat' dir='ltr'>non</span> <span class='ocrx_word' id='word_1_53' title='bbox 1701 697 1808 739; x_wconf 92' lang='lat' dir='ltr'>pos-</span> 
     </span>
     <span class='ocr_line' id='line_1_8' title="bbox 119 752 1807 809; baseline 0.001 -14"><span class='ocrx_word' id='word_1_54' title='bbox 119 756 235 796; x_wconf 87' lang='lat' dir='ltr'>sunt.</span> <span class='ocrx_word' id='word_1_55' title='bbox 275 753 366 796; x_wconf 86' lang='lat' dir='ltr'>Hac</span> <span class='ocrx_word' id='word_1_56' title='bbox 390 755 432 796; x_wconf 91' lang='lat' dir='ltr'>in</span> <span class='ocrx_word' id='word_1_57' title='bbox 456 766 500 796; x_wconf 93' lang='lat' dir='ltr'>re</span> <span class='ocrx_word' id='word_1_58' title='bbox 523 754 627 796; x_wconf 82' lang='lat' dir='ltr'>facit</span> <span class='ocrx_word' id='word_1_59' title='bbox 649 766 749 796; x_wconf 90' lang='lat' dir='ltr'>cum</span> <span class='ocrx_word' id='word_1_60' title='bbox 774 755 1081 808; x_wconf 85' lang='lat' dir='ltr'>compluribus</span> <span class='ocrx_word' id='word_1_61' title='bbox 1105 756 1399 809; x_wconf 84' lang='lat' dir='ltr'>scriptoribus</span> <span class='ocrx_word' id='word_1_62' title='bbox 1424 756 1743 798; x_wconf 88' lang='lat' dir='ltr'>ecclesiasticis</span> <span class='ocrx_word' id='word_1_63' title='bbox 1760 752 1807 809; x_wconf 85' lang='lat'>2),</span> 
     </span>
     <span class='ocr_line' id='line_1_9' title="bbox 120 822 1807 880; baseline 0.001 -13"><span class='ocrx_word' id='word_1_64' title='bbox 120 822 327 878; x_wconf 88' lang='lat' dir='ltr'>Origene,</span> <span class='ocrx_word' id='word_1_65' title='bbox 351 822 569 879; x_wconf 86' lang='lat' dir='ltr'>Gregorio</span> <span class='ocrx_word' id='word_1_66' title='bbox 592 824 812 878; x_wconf 91' lang='lat' dir='ltr'>Nysseno,</span> <span class='ocrx_word' id='word_1_67' title='bbox 835 824 1188 879; x_wconf 85' lang='lat' dir='ltr'>Theophylacto,</span> <span class='ocrx_word' id='word_1_68' title='bbox 1205 825 1453 879; x_wconf 84' lang='lat' dir='ltr'>Euthymio,</span> <span class='ocrx_word' id='word_1_69' title='bbox 1472 826 1547 879; x_wconf 90' lang='lat' dir='ltr'>qui</span> <span class='ocrx_word' id='word_1_70' title='bbox 1563 825 1807 880; x_wconf 89' lang='lat' dir='ltr'>Josephum</span> 
     </span>
     <span class='ocr_line' id='line_1_10' title="bbox 121 893 1810 949; baseline 0.001 -13"><span class='ocrx_word' id='word_1_71' title='bbox 121 894 286 936; x_wconf 87' lang='lat' dir='ltr'>Mariae</span> <span class='ocrx_word' id='word_1_72' title='bbox 325 894 508 949; x_wconf 88' lang='lat' dir='ltr'>virginis</span> <span class='ocrx_word' id='word_1_73' title='bbox 550 905 767 948; x_wconf 90' lang='lat' dir='ltr'>sponsum</span> <span class='ocrx_word' id='word_1_74' title='bbox 812 906 835 937; x_wconf 87' lang='lat' dir='ltr'>c</span> <span class='ocrx_word' id='word_1_75' title='bbox 877 893 1041 937; x_wconf 84' lang='lat' dir='ltr'>femina</span> <span class='ocrx_word' id='word_1_76' title='bbox 1084 895 1208 949; x_wconf 92' lang='lat' dir='ltr'>prius</span> <span class='ocrx_word' id='word_1_77' title='bbox 1241 895 1283 937; x_wconf 92' lang='lat' dir='ltr'>in</span> <span class='ocrx_word' id='word_1_78' title='bbox 1319 896 1644 938; x_wconf 89' lang='lat' dir='ltr'>matrimonium</span> <span class='ocrx_word' id='word_1_79' title='bbox 1677 895 1810 937; x_wconf 84' lang='lat' dir='ltr'>ducta</span> 
     </span>
     <span class='ocr_line' id='line_1_11' title="bbox 119 965 1811 1019; baseline 0.001 -13"><span class='ocrx_word' id='word_1_80' title='bbox 119 965 237 1007; x_wconf 79' lang='lat' dir='ltr'>filios</span> <span class='ocrx_word' id='word_1_81' title='bbox 269 965 355 1007; x_wconf 91' lang='lat' dir='ltr'>sibi</span> <span class='ocrx_word' id='word_1_82' title='bbox 389 965 599 1019; x_wconf 85' lang='lat' dir='ltr'>genuisse</span> <span class='ocrx_word' id='word_1_83' title='bbox 632 966 829 1016; x_wconf 90' lang='lat' dir='ltr'>censent,</span> <span class='ocrx_word' id='word_1_84' title='bbox 862 976 961 1007; x_wconf 89' lang='lat' dir='ltr'>cum</span> <span class='ocrx_word' id='word_1_85' title='bbox 995 965 1084 1016; x_wconf 88' lang='lat' dir='ltr'>alii,</span> <span class='ocrx_word' id='word_1_86' title='bbox 1108 965 1228 1007; x_wconf 88' lang='lat' dir='ltr'>velut</span> <span class='ocrx_word' id='word_1_87' title='bbox 1251 965 1559 1019; x_wconf 87' lang='lat' dir='ltr'>Hieronymus,</span> <span class='ocrx_word' id='word_1_88' title='bbox 1583 968 1811 1008; x_wconf 89' lang='lat' dir='ltr'>autument</span> 
     </span>
     <span class='ocr_line' id='line_1_12' title="bbox 120 1032 1808 1090; baseline 0 -12"><span class='ocrx_word' id='word_1_89' title='bbox 120 1035 273 1078; x_wconf 87' lang='lat' dir='ltr'>fratres</span> <span class='ocrx_word' id='word_1_90' title='bbox 305 1034 486 1077; x_wconf 93' lang='lat' dir='ltr'>Domini</span> <span class='ocrx_word' id='word_1_91' title='bbox 511 1035 810 1078; x_wconf 89' lang='lat' dir='ltr'>consobrinos</span> <span class='ocrx_word' id='word_1_92' title='bbox 832 1035 971 1078; x_wconf 82' lang='lat' dir='ltr'>fuisse</span> <span class='ocrx_word' id='word_1_93' title='bbox 992 1032 1040 1090; x_wconf 84' lang='lat'><strong>³).</strong></span> <span class='ocrx_word' id='word_1_94' title='bbox 1074 1035 1192 1086; x_wconf 86' lang='lat' dir='ltr'>Quin</span> <span class='ocrx_word' id='word_1_95' title='bbox 1215 1037 1345 1078; x_wconf 90' lang='lat' dir='ltr'>etiam</span> <span class='ocrx_word' id='word_1_96' title='bbox 1371 1036 1688 1090; x_wconf 83' lang='lat' dir='ltr'>Hieronymus:</span> <span class='ocrx_word' id='word_1_97' title='bbox 1716 1036 1808 1084; x_wconf 82' lang='lat' dir='ltr'>„Tu</span> 
     </span>
     <span class='ocr_line' id='line_1_13' title="bbox 121 1105 1809 1161; baseline 0 -12"><span class='ocrx_word' id='word_1_98' title='bbox 121 1106 278 1157; x_wconf 91' lang='lat' dir='ltr'>dicis’&#39;‚</span> <span class='ocrx_word' id='word_1_99' title='bbox 312 1106 455 1160; x_wconf 90' lang='lat' dir='ltr'>inquit</span> <span class='ocrx_word' id='word_1_100' title='bbox 486 1105 541 1148; x_wconf 88' lang='lat' dir='ltr'>ad</span> <span class='ocrx_word' id='word_1_101' title='bbox 575 1105 845 1157; x_wconf 90' lang='lat' dir='ltr'>Helvidium,</span> <span class='ocrx_word' id='word_1_102' title='bbox 883 1106 1093 1152; x_wconf 88' lang='lat' dir='ltr'>„Mariam</span> <span class='ocrx_word' id='word_1_103' title='bbox 1127 1107 1341 1161; x_wconf 90' lang='lat' dir='ltr'>virginem</span> <span class='ocrx_word' id='word_1_104' title='bbox 1366 1118 1455 1148; x_wconf 90' lang='lat' dir='ltr'>non</span> <span class='ocrx_word' id='word_1_105' title='bbox 1480 1108 1809 1161; x_wconf 88' lang='lat' dir='ltr'>permansisse;</span> 
     </span>
     <span class='ocr_line' id='line_1_14' title="bbox 121 1177 1812 1232; baseline -0.001 -13"><span class='ocrx_word' id='word_1_106' title='bbox 121 1189 205 1232; x_wconf 89' lang='lat' dir='ltr'>ego</span> <span class='ocrx_word' id='word_1_107' title='bbox 247 1177 353 1219; x_wconf 89' lang='lat' dir='ltr'>mihi</span> <span class='ocrx_word' id='word_1_108' title='bbox 398 1177 499 1232; x_wconf 83' lang='lat' dir='ltr'>pius</span> <span class='ocrx_word' id='word_1_109' title='bbox 539 1177 735 1228; x_wconf 90' lang='lat' dir='ltr'>vindico,</span> <span class='ocrx_word' id='word_1_110' title='bbox 774 1177 903 1219; x_wconf 89' lang='lat' dir='ltr'>etiam</span> <span class='ocrx_word' id='word_1_111' title='bbox 937 1178 1084 1232; x_wconf 89' lang='lat' dir='ltr'>ipsum</span> <span class='ocrx_word' id='word_1_112' title='bbox 1113 1177 1280 1232; x_wconf 88' lang='lat' dir='ltr'>Joseph</span> <span class='ocrx_word' id='word_1_113' title='bbox 1313 1178 1529 1232; x_wconf 88' lang='lat' dir='ltr'>virginem</span> <span class='ocrx_word' id='word_1_114' title='bbox 1562 1177 1700 1219; x_wconf 79' lang='lat' dir='ltr'>fuisse</span> <span class='ocrx_word' id='word_1_115' title='bbox 1734 1188 1812 1231; x_wconf 93' lang='lat' dir='ltr'>per</span> 
     </span>
     <span class='ocr_line' id='line_1_15' title="bbox 121 1247 1812 1303; baseline 0 -14"><span class='ocrx_word' id='word_1_116' title='bbox 121 1247 305 1290; x_wconf 85' lang='lat' dir='ltr'>Mariam</span> <span class='ocrx_word' id='word_1_117' title='bbox 340 1280 598 1290; x_wconf 89' lang='grc'><strong>.........</strong></span> <span class='ocrx_word' id='word_1_118' title='bbox 636 1247 784 1303; x_wconf 88' lang='lat' dir='ltr'>Magis</span> <span class='ocrx_word' id='word_1_119' title='bbox 816 1248 1066 1290; x_wconf 90' lang='lat' dir='ltr'>credendus</span> <span class='ocrx_word' id='word_1_120' title='bbox 1099 1250 1166 1291; x_wconf 91' lang='lat' dir='ltr'>est</span> <span class='ocrx_word' id='word_1_121' title='bbox 1198 1249 1322 1302; x_wconf 90' lang='lat' dir='ltr'>virgo</span> <span class='ocrx_word' id='word_1_122' title='bbox 1357 1248 1672 1302; x_wconf 86' lang='lat' dir='ltr'>permansisse,</span> <span class='ocrx_word' id='word_1_123' title='bbox 1706 1247 1812 1301; x_wconf 89' lang='lat' dir='ltr'>quia</span> 
     </span>
     <span class='ocr_line' id='line_1_16' title="bbox 120 1318 1810 1369; baseline -0.001 -9"><span class='ocrx_word' id='word_1_124' title='bbox 120 1318 251 1360; x_wconf 90' lang='lat' dir='ltr'>aliam</span> <span class='ocrx_word' id='word_1_125' title='bbox 293 1330 473 1361; x_wconf 90' lang='lat' dir='ltr'>uxorem</span> <span class='ocrx_word' id='word_1_126' title='bbox 515 1318 728 1361; x_wconf 89' lang='lat' dir='ltr'>habuisse</span> <span class='ocrx_word' id='word_1_127' title='bbox 772 1330 860 1361; x_wconf 92' lang='lat' dir='ltr'>non</span> <span class='ocrx_word' id='word_1_128' title='bbox 903 1319 1123 1369; x_wconf 91' lang='lat' dir='ltr'>scribitur,</span> <span class='ocrx_word' id='word_1_129' title='bbox 1166 1320 1208 1361; x_wconf 91' lang='lat' dir='ltr'>et</span> <span class='ocrx_word' id='word_1_130' title='bbox 1248 1318 1481 1361; x_wconf 81' lang='lat' dir='ltr'>fornicatio</span> <span class='ocrx_word' id='word_1_131' title='bbox 1526 1319 1569 1360; x_wconf 94' lang='lat' dir='ltr'>in</span> <span class='ocrx_word' id='word_1_132' title='bbox 1609 1319 1810 1360; x_wconf 91' lang='lat' dir='ltr'>sanctum</span> 
     </span>
     <span class='ocr_line' id='line_1_17' title="bbox 121 1386 633 1443; baseline 0.002 -13"><span class='ocrx_word' id='word_1_133' title='bbox 121 1389 262 1431; x_wconf 91' lang='lat' dir='ltr'>virum</span> <span class='ocrx_word' id='word_1_134' title='bbox 296 1401 384 1431; x_wconf 93' lang='lat' dir='ltr'>non</span> <span class='ocrx_word' id='word_1_135' title='bbox 419 1388 564 1431; x_wconf 90' lang='lat' dir='ltr'>cadit”</span> <span class='ocrx_word' id='word_1_136' title='bbox 587 1386 633 1443; x_wconf 79' lang='lat'><strong>⁴).</strong></span> 
     </span>
    </p>

    <p class='ocr_par' dir='ltr' id='par_1_4' title="bbox 121 1458 1813 1796">
     <span class='ocr_line' id='line_1_18' title="bbox 180 1458 1812 1514; baseline -0.001 -13"><span class='ocrx_word' id='word_1_137' title='bbox 180 1458 354 1502; x_wconf 92' lang='lat' dir='ltr'>Deinde</span> <span class='ocrx_word' id='word_1_138' title='bbox 392 1461 537 1513; x_wconf 78' lang='lat' dir='ltr'>poeta,</span> <span class='ocrx_word' id='word_1_139' title='bbox 571 1462 618 1502; x_wconf 89' lang='lat' dir='ltr'>ut</span> <span class='ocrx_word' id='word_1_140' title='bbox 647 1462 713 1502; x_wconf 90' lang='lat' dir='ltr'>est</span> <span class='ocrx_word' id='word_1_141' title='bbox 746 1460 788 1502; x_wconf 91' lang='lat' dir='ltr'>in</span> <span class='ocrx_word' id='word_1_142' title='bbox 823 1460 892 1503; x_wconf 92' lang='lat' dir='ltr'>his</span> <span class='ocrx_word' id='word_1_143' title='bbox 925 1460 1058 1502; x_wconf 91' lang='lat' dir='ltr'>rebus</span> <span class='ocrx_word' id='word_1_144' title='bbox 1091 1460 1329 1514; x_wconf 86' lang='lat' dir='ltr'>religiosus</span> <span class='ocrx_word' id='word_1_145' title='bbox 1362 1461 1405 1502; x_wconf 90' lang='lat' dir='ltr'>et</span> <span class='ocrx_word' id='word_1_146' title='bbox 1436 1459 1614 1509; x_wconf 87' lang='lat' dir='ltr'>multus,</span> <span class='ocrx_word' id='word_1_147' title='bbox 1648 1470 1812 1502; x_wconf 90' lang='lat' dir='ltr'>cavens</span> 
     </span>
     <span class='ocr_line' id='line_1_19' title="bbox 123 1529 1813 1585; baseline -0.001 -13"><span class='ocrx_word' id='word_1_148' title='bbox 123 1541 178 1572; x_wconf 89' lang='lat' dir='ltr'>ne</span> <span class='ocrx_word' id='word_1_149' title='bbox 220 1530 321 1583; x_wconf 91' lang='lat' dir='ltr'>quis</span> <span class='ocrx_word' id='word_1_150' title='bbox 363 1529 582 1584; x_wconf 88' lang='lat' dir='ltr'>evangelii</span> <span class='ocrx_word' id='word_1_151' title='bbox 619 1530 756 1572; x_wconf 90' lang='lat' dir='ltr'>verba</span> <span class='ocrx_word' id='word_1_152' title='bbox 788 1531 847 1572; x_wconf 90' lang='lat' dir='ltr'>ita</span> <span class='ocrx_word' id='word_1_153' title='bbox 879 1531 1114 1585; x_wconf 87' lang='lat' dir='ltr'>acciperet,</span> <span class='ocrx_word' id='word_1_154' title='bbox 1148 1532 1194 1572; x_wconf 84' lang='lat' dir='ltr'>ut</span> <span class='ocrx_word' id='word_1_155' title='bbox 1225 1533 1299 1572; x_wconf 90' lang='lat' dir='ltr'>aut</span> <span class='ocrx_word' id='word_1_156' title='bbox 1330 1530 1485 1572; x_wconf 81' lang='lat' dir='ltr'>fratres</span> <span class='ocrx_word' id='word_1_157' title='bbox 1517 1529 1697 1571; x_wconf 91' lang='lat' dir='ltr'>Domini</span> <span class='ocrx_word' id='word_1_158' title='bbox 1732 1540 1813 1583; x_wconf 89' lang='lat' dir='ltr'>pro</span> 
     </span>
     <span class='ocr_line' id='line_1_20' title="bbox 121 1599 1813 1656; baseline 0.001 -15"><span class='ocrx_word' id='word_1_159' title='bbox 121 1599 224 1642; x_wconf 83' lang='lat' dir='ltr'>filiis</span> <span class='ocrx_word' id='word_1_160' title='bbox 264 1600 431 1642; x_wconf 90' lang='lat' dir='ltr'>Mariae</span> <span class='ocrx_word' id='word_1_161' title='bbox 472 1602 547 1642; x_wconf 81' lang='lat' dir='ltr'>aut</span> <span class='ocrx_word' id='word_1_162' title='bbox 582 1600 735 1655; x_wconf 89' lang='lat' dir='ltr'>Jesum</span> <span class='ocrx_word' id='word_1_163' title='bbox 778 1613 859 1655; x_wconf 90' lang='lat' dir='ltr'>pro</span> <span class='ocrx_word' id='word_1_164' title='bbox 899 1601 991 1643; x_wconf 84' lang='lat' dir='ltr'>filio</span> <span class='ocrx_word' id='word_1_165' title='bbox 1028 1601 1213 1656; x_wconf 87' lang='lat' dir='ltr'>Josephi</span> <span class='ocrx_word' id='word_1_166' title='bbox 1257 1601 1430 1651; x_wconf 87' lang='lat' dir='ltr'>habeat,</span> <span class='ocrx_word' id='word_1_167' title='bbox 1469 1600 1614 1643; x_wconf 88' lang='lat' dir='ltr'>addit:</span> <span class='ocrx_word' id='word_1_168' title='bbox 1650 1610 1813 1654; x_wconf 76' lang='grc' dir='ltr'><em>γνωτοὶ</em></span> 
     </span>
     <span class='ocr_line' id='line_1_21' title="bbox 122 1668 1812 1726; baseline -0.002 -11"><span class='ocrx_word' id='word_1_169' title='bbox 122 1668 481 1725; x_wconf 58' lang='grc' dir='ltr'><strong><em>ψευδαλέοιῦ)</em></strong></span> <span class='ocrx_word' id='word_1_170' title='bbox 506 1673 569 1713; x_wconf 88' lang='lat' dir='ltr'>et:</span> <span class='ocrx_word' id='word_1_171' title='bbox 602 1679 890 1725; x_wconf 78' lang='grc' dir='ltr'><em>βοώμενον</em></span> <span class='ocrx_word' id='word_1_172' title='bbox 915 1678 1015 1716; x_wconf 84' lang='grc' dir='ltr'><em>υἱὸν</em></span> <span class='ocrx_word' id='word_1_173' title='bbox 1034 1677 1193 1726; x_wconf 76' lang='grc' dir='ltr'><em>Ἰωσήφ</em></span> <span class='ocrx_word' id='word_1_174' title='bbox 1214 1668 1255 1724; x_wconf 75' lang='lat'><strong>⁶).</strong></span> <span class='ocrx_word' id='word_1_175' title='bbox 1280 1671 1375 1714; x_wconf 87' lang='lat' dir='ltr'>Huc</span> <span class='ocrx_word' id='word_1_176' title='bbox 1394 1683 1576 1725; x_wconf 89' lang='lat' dir='ltr'>quoque</span> <span class='ocrx_word' id='word_1_177' title='bbox 1595 1671 1812 1725; x_wconf 86' lang='lat' dir='ltr'>pertinere</span> 
     </span>
     <span class='ocr_line' id='line_1_22' title="bbox 122 1742 464 1796; baseline -0.003 -12"><span class='ocrx_word' id='word_1_178' title='bbox 122 1742 307 1792; x_wconf 88' lang='lat' dir='ltr'>videtur,</span> <span class='ocrx_word' id='word_1_179' title='bbox 341 1742 464 1796; x_wconf 87' lang='lat' dir='ltr'>quod</span> 
     </span>
    </p>

    <p class='ocr_par' dir='ltr' id='par_1_5' title="bbox 122 1817 1813 2078">
     <span class='ocr_line' id='line_1_23' title="bbox 168 1817 1713 1868; baseline -0.001 -11"><span class='ocrx_word' id='word_1_180' title='bbox 168 1821 253 1857; x_wconf 86' lang='lat' dir='ltr'>Par.</span> <span class='ocrx_word' id='word_1_181' title='bbox 280 1821 362 1864; x_wconf 92' lang='lat' dir='ltr'>XX,</span> <span class='ocrx_word' id='word_1_182' title='bbox 387 1822 452 1858; x_wconf 84' lang='lat'>76:</span> <span class='ocrx_word' id='word_1_183' title='bbox 478 1817 595 1855; x_wconf 79' lang='grc' dir='ltr'><em>ἀλλὰ</em></span> <span class='ocrx_word' id='word_1_184' title='bbox 620 1819 1044 1867; x_wconf 77' lang='grc' dir='ltr'><em>κασιγνήτοισιν</em></span> <span class='ocrx_word' id='word_1_185' title='bbox 1070 1818 1194 1867; x_wconf 76' lang='grc' dir='ltr'><strong><em>ἐμοῖς</em></strong></span> <span class='ocrx_word' id='word_1_186' title='bbox 1220 1819 1406 1868; x_wconf 81' lang='grc' dir='ltr'><strong><em>ἀγόρευε</em></strong></span> <span class='ocrx_word' id='word_1_187' title='bbox 1430 1823 1713 1866; x_wconf 69' lang='grc' dir='ltr'><strong><em>μαθηταῖς</em></strong></span> 
     </span>
     <span class='ocr_line' id='line_1_24' title="bbox 124 1881 1813 1937; baseline 0.001 -14"><span class='ocrx_word' id='word_1_188' title='bbox 124 1883 227 1935; x_wconf 75' lang='grc' dir='ltr'>ροδῒ</span> <span class='ocrx_word' id='word_1_189' title='bbox 271 1881 430 1924; x_wconf 75' lang='lat' dir='ltr'>verba:</span> <span class='ocrx_word' id='word_1_190' title='bbox 482 1889 811 1937; x_wconf 79' lang='grc' dir='ltr'><em>κασιγνήτοισιν</em></span> <span class='ocrx_word' id='word_1_191' title='bbox 853 1889 977 1937; x_wconf 80' lang='grc' dir='ltr'><em>ἐμοῖς</em></span> <span class='ocrx_word' id='word_1_192' title='bbox 1022 1883 1216 1926; x_wconf 71' lang='lat' dir='ltr'>addidit:</span> <span class='ocrx_word' id='word_1_193' title='bbox 1264 1894 1506 1937; x_wconf 78' lang='grc' dir='ltr'><strong><em>μαθηταῖς,</em></strong></span> <span class='ocrx_word' id='word_1_194' title='bbox 1552 1882 1675 1937; x_wconf 81' lang='lat' dir='ltr'>quod</span> <span class='ocrx_word' id='word_1_195' title='bbox 1723 1894 1813 1925; x_wconf 86' lang='lat' dir='ltr'>non</span> 
     </span>
     <span class='ocr_line' id='line_1_25' title="bbox 124 1950 1813 2009; baseline 0.001 -16"><span class='ocrx_word' id='word_1_196' title='bbox 124 1952 282 2006; x_wconf 86' lang='lat' dir='ltr'>legitur</span> <span class='ocrx_word' id='word_1_197' title='bbox 322 1953 364 1993; x_wconf 92' lang='lat' dir='ltr'>in</span> <span class='ocrx_word' id='word_1_198' title='bbox 398 1953 631 2007; x_wconf 89' lang='lat' dir='ltr'>evangelio</span> <span class='ocrx_word' id='word_1_199' title='bbox 653 1950 700 2007; x_wconf 83' lang='lat'>⁷),</span> <span class='ocrx_word' id='word_1_200' title='bbox 734 1954 906 1997; x_wconf 87' lang='lat' dir='ltr'>scilicet</span> <span class='ocrx_word' id='word_1_201' title='bbox 939 1966 993 1996; x_wconf 94' lang='lat' dir='ltr'>ne</span> <span class='ocrx_word' id='word_1_202' title='bbox 1027 1955 1129 2008; x_wconf 88' lang='lat' dir='ltr'>quis</span> <span class='ocrx_word' id='word_1_203' title='bbox 1162 1966 1251 1996; x_wconf 92' lang='lat' dir='ltr'>non</span> <span class='ocrx_word' id='word_1_204' title='bbox 1285 1954 1341 1997; x_wconf 91' lang='lat' dir='ltr'>de</span> <span class='ocrx_word' id='word_1_205' title='bbox 1374 1954 1611 2009; x_wconf 89' lang='lat' dir='ltr'>discipulis</span> <span class='ocrx_word' id='word_1_206' title='bbox 1644 1952 1724 1995; x_wconf 89' lang='lat' dir='ltr'>sed</span> <span class='ocrx_word' id='word_1_207' title='bbox 1758 1953 1813 1995; x_wconf 93' lang='lat' dir='ltr'>de</span> 
     </span>
     <span class='ocr_line' id='line_1_26' title="bbox 122 2022 744 2078; baseline 0.005 -14"><span class='ocrx_word' id='word_1_208' title='bbox 122 2023 239 2065; x_wconf 93' lang='lat' dir='ltr'>veris</span> <span class='ocrx_word' id='word_1_209' title='bbox 271 2022 477 2066; x_wconf 82' lang='lat' dir='ltr'>fratribus</span> <span class='ocrx_word' id='word_1_210' title='bbox 509 2024 744 2078; x_wconf 82' lang='lat' dir='ltr'>cogitaret!</span> 
     </span>
    </p>

    <p class='ocr_par' dir='ltr' id='par_1_6' title="bbox 123 2092 1816 2643">
     <span class='ocr_line' id='line_1_27' title="bbox 182 2092 1813 2149; baseline 0.001 -15"><span class='ocrx_word' id='word_1_211' title='bbox 182 2092 264 2135; x_wconf 89' lang='lat' dir='ltr'>Hic</span> <span class='ocrx_word' id='word_1_212' title='bbox 297 2096 441 2136; x_wconf 88' lang='lat' dir='ltr'>autem</span> <span class='ocrx_word' id='word_1_213' title='bbox 476 2094 666 2137; x_wconf 92' lang='lat' dir='ltr'>breviter</span> <span class='ocrx_word' id='word_1_214' title='bbox 698 2095 803 2137; x_wconf 88' lang='lat' dir='ltr'>mihi</span> <span class='ocrx_word' id='word_1_215' title='bbox 839 2095 1151 2149; x_wconf 90' lang='lat' dir='ltr'>inquirendum</span> <span class='ocrx_word' id='word_1_216' title='bbox 1186 2107 1286 2138; x_wconf 92' lang='lat' dir='ltr'>esse</span> <span class='ocrx_word' id='word_1_217' title='bbox 1319 2095 1505 2145; x_wconf 84' lang='lat' dir='ltr'>videtur,</span> <span class='ocrx_word' id='word_1_218' title='bbox 1534 2106 1622 2148; x_wconf 90' lang='lat' dir='ltr'>qua</span> <span class='ocrx_word' id='word_1_219' title='bbox 1645 2094 1813 2136; x_wconf 85' lang='lat' dir='ltr'>ratione</span> 
     </span>
     <span class='ocr_line' id='line_1_28' title="bbox 124 2163 1816 2220; baseline 0.001 -15"><span class='ocrx_word' id='word_1_220' title='bbox 124 2165 256 2217; x_wconf 76' lang='lat' dir='ltr'>poeta</span> <span class='ocrx_word' id='word_1_221' title='bbox 298 2163 518 2206; x_wconf 87' lang='lat' dir='ltr'>adductus</span> <span class='ocrx_word' id='word_1_222' title='bbox 561 2165 630 2215; x_wconf 92' lang='lat' dir='ltr'>sit,</span> <span class='ocrx_word' id='word_1_223' title='bbox 675 2167 721 2210; x_wconf 88' lang='lat' dir='ltr'>ut</span> <span class='ocrx_word' id='word_1_224' title='bbox 762 2166 805 2207; x_wconf 91' lang='lat' dir='ltr'>in</span> <span class='ocrx_word' id='word_1_225' title='bbox 844 2168 1034 2220; x_wconf 90' lang='lat' dir='ltr'>quatuor</span> <span class='ocrx_word' id='word_1_226' title='bbox 1065 2167 1121 2208; x_wconf 92' lang='lat' dir='ltr'>de</span> <span class='ocrx_word' id='word_1_227' title='bbox 1153 2165 1360 2208; x_wconf 83' lang='lat' dir='ltr'>fratribus</span> <span class='ocrx_word' id='word_1_228' title='bbox 1393 2165 1573 2208; x_wconf 91' lang='lat' dir='ltr'>Domini</span> <span class='ocrx_word' id='word_1_229' title='bbox 1608 2165 1720 2207; x_wconf 89' lang='lat' dir='ltr'>locis</span> <span class='ocrx_word' id='word_1_230' title='bbox 1751 2166 1816 2206; x_wconf 91' lang='lat' dir='ltr'>ter</span> 
     </span>
     <span class='ocr_line' id='line_1_29' title="bbox 123 2234 1814 2290; baseline 0.001 -15"><span class='ocrx_word' id='word_1_231' title='bbox 123 2234 345 2276; x_wconf 89' lang='lat' dir='ltr'>vocabulo</span> <span class='ocrx_word' id='word_1_232' title='bbox 386 2242 597 2289; x_wconf 74' lang='grc' dir='ltr'><em>γνωτὸς</em></span> <span class='ocrx_word' id='word_1_233' title='bbox 639 2237 843 2287; x_wconf 81' lang='lat' dir='ltr'>uteretur,</span> <span class='ocrx_word' id='word_1_234' title='bbox 885 2236 1022 2279; x_wconf 90' lang='lat' dir='ltr'>semel</span> <span class='ocrx_word' id='word_1_235' title='bbox 1055 2239 1223 2279; x_wconf 86' lang='lat' dir='ltr'>tantum</span> <span class='ocrx_word' id='word_1_236' title='bbox 1257 2242 1509 2290; x_wconf 70' lang='grc' dir='ltr'><em>ἀδελφειός,</em></span> <span class='ocrx_word' id='word_1_237' title='bbox 1543 2246 1814 2290; x_wconf 86' lang='lat' dir='ltr'>quamquam</span> 
     </span>
     <span class='ocr_line' id='line_1_30' title="bbox 125 2305 1813 2362; baseline 0.001 -16"><span class='ocrx_word' id='word_1_238' title='bbox 125 2305 168 2346; x_wconf 93' lang='lat' dir='ltr'>in</span> <span class='ocrx_word' id='word_1_239' title='bbox 202 2305 434 2359; x_wconf 88' lang='lat' dir='ltr'>evangelio</span> <span class='ocrx_word' id='word_1_240' title='bbox 468 2306 537 2348; x_wconf 88' lang='lat' dir='ltr'>his</span> <span class='ocrx_word' id='word_1_241' title='bbox 570 2306 683 2349; x_wconf 90' lang='lat' dir='ltr'>locis</span> <span class='ocrx_word' id='word_1_242' title='bbox 715 2307 874 2361; x_wconf 85' lang='lat' dir='ltr'>legitur</span> <span class='ocrx_word' id='word_1_243' title='bbox 905 2313 1115 2361; x_wconf 70' lang='grc' dir='ltr'><strong>ἀδελφός.</strong></span> <span class='ocrx_word' id='word_1_244' title='bbox 1143 2306 1237 2362; x_wconf 82' lang='lat' dir='ltr'>Jam</span> <span class='ocrx_word' id='word_1_245' title='bbox 1272 2319 1376 2349; x_wconf 88' lang='lat' dir='ltr'>vero</span> <span class='ocrx_word' id='word_1_246' title='bbox 1407 2307 1564 2349; x_wconf 90' lang='lat' dir='ltr'>ceteris</span> <span class='ocrx_word' id='word_1_247' title='bbox 1588 2306 1714 2357; x_wconf 91' lang='lat' dir='ltr'>locis,</span> <span class='ocrx_word' id='word_1_248' title='bbox 1739 2305 1813 2348; x_wconf 91' lang='lat' dir='ltr'>ubi</span> 
     </span>
     <span class='ocr_line' id='line_1_31' title="bbox 125 2372 1814 2432; baseline 0.001 -15"><span class='ocrx_word' id='word_1_249' title='bbox 125 2387 212 2417; x_wconf 89' lang='lat' dir='ltr'>vox</span> <span class='ocrx_word' id='word_1_250' title='bbox 227 2382 395 2429; x_wconf 76' lang='grc' dir='ltr'><em>γνωτὸς</em></span> <span class='ocrx_word' id='word_1_251' title='bbox 409 2372 442 2429; x_wconf 78' lang='lat'>⁸)</span> <span class='ocrx_word' id='word_1_252' title='bbox 467 2377 670 2428; x_wconf 75' lang='lat' dir='ltr'>occurrii,</span> <span class='ocrx_word' id='word_1_253' title='bbox 689 2378 973 2432; x_wconf 91' lang='lat' dir='ltr'>perspicuum</span> <span class='ocrx_word' id='word_1_254' title='bbox 994 2380 1061 2420; x_wconf 93' lang='lat' dir='ltr'>est</span> <span class='ocrx_word' id='word_1_255' title='bbox 1077 2377 1238 2420; x_wconf 92' lang='lat' dir='ltr'>Nonno</span> <span class='ocrx_word' id='word_1_256' title='bbox 1263 2380 1414 2419; x_wconf 89' lang='lat' dir='ltr'>notum</span> <span class='ocrx_word' id='word_1_257' title='bbox 1433 2377 1572 2419; x_wconf 88' lang='lat' dir='ltr'>fuisse</span> <span class='ocrx_word' id='word_1_258' title='bbox 1591 2377 1814 2431; x_wconf 91' lang='lat' dir='ltr'>propriam</span> 
     </span>
     <span class='ocr_line' id='line_1_32' title="bbox 125 2446 1814 2502; baseline 0.001 -15"><span class='ocrx_word' id='word_1_259' title='bbox 125 2446 257 2500; x_wconf 72' lang='lat' dir='ltr'>huius</span> <span class='ocrx_word' id='word_1_260' title='bbox 297 2447 424 2488; x_wconf 91' lang='lat' dir='ltr'>vocis</span> <span class='ocrx_word' id='word_1_261' title='bbox 466 2447 554 2489; x_wconf 91' lang='lat' dir='ltr'>vim</span> <span class='ocrx_word' id='word_1_262' title='bbox 597 2459 698 2490; x_wconf 90' lang='lat' dir='ltr'>esse</span> <span class='ocrx_word' id='word_1_263' title='bbox 735 2448 829 2499; x_wconf 87' lang='lat' dir='ltr'>.id,</span> <span class='ocrx_word' id='word_1_264' title='bbox 864 2448 1014 2502; x_wconf 92' lang='lat' dir='ltr'>quod</span> <span class='ocrx_word' id='word_1_265' title='bbox 1049 2449 1238 2490; x_wconf 86' lang='lat' dir='ltr'>notum</span> <span class='ocrx_word' id='word_1_266' title='bbox 1273 2450 1360 2490; x_wconf 88' lang='lat' dir='ltr'>est</span> <span class='ocrx_word' id='word_1_267' title='bbox 1391 2450 1484 2490; x_wconf 91' lang='lat' dir='ltr'>aut</span> <span class='ocrx_word' id='word_1_268' title='bbox 1532 2447 1814 2502; x_wconf 88' lang='lat' dir='ltr'>cognosci</span> 
     </span>
     <span class='ocr_line' id='line_1_33' title="bbox 125 2516 1816 2574; baseline 0.001 -16"><span class='ocrx_word' id='word_1_269' title='bbox 125 2516 365 2571; x_wconf 90' lang='lat' dir='ltr'>potest”,</span> <span class='ocrx_word' id='word_1_270' title='bbox 413 2520 638 2571; x_wconf 90' lang='lat' dir='ltr'>praeterea</span> <span class='ocrx_word' id='word_1_271' title='bbox 691 2519 775 2561; x_wconf 91' lang='lat' dir='ltr'>hoc</span> <span class='ocrx_word' id='word_1_272' title='bbox 827 2519 1049 2561; x_wconf 86' lang='lat' dir='ltr'>vocabulo</span> <span class='ocrx_word' id='word_1_273' title='bbox 1097 2519 1336 2574; x_wconf 78' lang='lat' dir='ltr'>significari</span> <span class='ocrx_word' id='word_1_274' title='bbox 1372 2529 1507 2573; x_wconf 90' lang='lat' dir='ltr'>posse</span> <span class='ocrx_word' id='word_1_275' title='bbox 1546 2517 1816 2569; x_wconf 83' lang='lat' dir='ltr'>„fratrem‚</span> 
     </span>
     <span class='ocr_line' id='line_1_34' title="bbox 125 2588 969 2643; baseline 0.004 -15"><span class='ocrx_word' id='word_1_276' title='bbox 125 2597 393 2637; x_wconf 88' lang='lat' dir='ltr'>sororem,</span> <span class='ocrx_word' id='word_1_277' title='bbox 423 2588 764 2643; x_wconf 87' lang='lat' dir='ltr'>cognatum&#39;&#39;.</span> <span class='ocrx_word' id='word_1_278' title='bbox 799 2588 969 2632; x_wconf 84' lang='lat' dir='ltr'>Etenim</span> 
     </span>
    </p>

    <p class='ocr_par' dir='ltr' id='par_1_7' title="bbox 172 2665 1465 2715">
     <span class='ocr_line' id='line_1_35' title="bbox 172 2665 1465 2715; baseline 0 -12"><span class='ocrx_word' id='word_1_279' title='bbox 172 2667 255 2703; x_wconf 85' lang='lat' dir='ltr'>Par.</span> <span class='ocrx_word' id='word_1_280' title='bbox 281 2667 410 2711; x_wconf 90' lang='lat' dir='ltr'>XVIII,</span> <span class='ocrx_word' id='word_1_281' title='bbox 435 2669 502 2704; x_wconf 88' lang='lat'>71:</span> <span class='ocrx_word' id='word_1_282' title='bbox 812 2665 860 2713; x_wconf 85' lang='grc' dir='ltr'>ὃς</span> <span class='ocrx_word' id='word_1_283' title='bbox 886 2667 1140 2714; x_wconf 76' lang='grc' dir='ltr'><em>ἰχθυβόλου</em></span> <span class='ocrx_word' id='word_1_284' title='bbox 1165 2668 1283 2715; x_wconf 81' lang='grc' dir='ltr'><strong><em>παρὰ</em></strong></span> <span class='ocrx_word' id='word_1_285' title='bbox 1309 2666 1465 2712; x_wconf 82' lang='grc' dir='ltr'><em>τέχνης</em></span> 
     </span>
    </p>

    <p class='ocr_par' dir='ltr' id='par_1_8' title="bbox 433 2735 1618 2786">
     <span class='ocr_line' id='line_1_36' title="bbox 433 2735 1618 2786; baseline -0.001 -12"><span class='ocrx_word' id='word_1_286' title='bbox 433 2740 502 2775; x_wconf 90' lang='lat'>72:</span> <span class='ocrx_word' id='word_1_287' title='bbox 551 2737 760 2783; x_wconf 80' lang='grc' dir='ltr'><em>γνωτὸς</em></span> <span class='ocrx_word' id='word_1_288' title='bbox 786 2735 872 2774; x_wconf 75' lang='grc' dir='ltr'>ἐὼν</span> <span class='ocrx_word' id='word_1_289' title='bbox 898 2735 1110 2786; x_wconf 76' lang='grc' dir='ltr'><strong><em>ἀρίδηλος</em></strong></span> <span class='ocrx_word' id='word_1_290' title='bbox 1136 2736 1360 2783; x_wconf 75' lang='grc' dir='ltr'><em>ἐθήμονος</em></span> <span class='ocrx_word' id='word_1_291' title='bbox 1386 2735 1618 2785; x_wconf 78' lang='grc' dir='ltr'><em>ἀρχιερῆος</em></span> 
     </span>
    </p>
   </div>
   <div class='ocr_carea' id='block_1_3' title="bbox 124 2810 406 2815">
    <p class='ocr_par' dir='ltr' id='par_1_9' title="bbox 124 2810 406 2815">
     <span class='ocr_line' id='line_1_37' title="bbox 124 2810 406 2815; baseline 0 0"><span class='ocrx_word' id='word_1_292' title='bbox 124 2810 406 2815; x_wconf 95' lang='lat' dir='ltr'> </span> 
     </span>
    </p>
   </div>
   <div class='ocr_carea' id='block_1_4' title="bbox 176 2853 1818 3138">
    <p class='ocr_par' dir='ltr' id='par_1_10' title="bbox 178 2853 476 2899">
     <span class='ocr_line' id='line_1_38' title="bbox 178 2853 476 2899; baseline 0.003 -8"><span class='ocrx_word' id='word_1_293' title='bbox 178 2853 206 2898; x_wconf 93' lang='lat'>¹)</span> <span class='ocrx_word' id='word_1_294' title='bbox 233 2855 286 2891; x_wconf 86' lang='lat' dir='ltr'>Pa</span> <span class='ocrx_word' id='word_1_295' title='bbox 264 2866 316 2891; x_wconf 87' lang='lat' dir='ltr'>a.r</span> <span class='ocrx_word' id='word_1_296' title='bbox 342 2855 476 2899; x_wconf 87' lang='lat' dir='ltr'><strong>V11,9.</strong></span> 
     </span>
    </p>

    <p class='ocr_par' dir='ltr' id='par_1_11' title="bbox 176 2912 1818 3021">
     <span class='ocr_line' id='line_1_39' title="bbox 177 2912 1818 2961; baseline 0.001 -11"><span class='ocrx_word' id='word_1_297' title='bbox 177 2912 206 2958; x_wconf 72' lang='lat'>⁹)</span> <span class='ocrx_word' id='word_1_298' title='bbox 233 2913 292 2950; x_wconf 82' lang='lat' dir='ltr'>Cf.</span> <span class='ocrx_word' id='word_1_299' title='bbox 307 2915 357 2950; x_wconf 89' lang='lat' dir='ltr'>M.</span> <span class='ocrx_word' id='word_1_300' title='bbox 373 2914 413 2951; x_wconf 88' lang='grc' dir='ltr'>Ρ.</span> <span class='ocrx_word' id='word_1_301' title='bbox 424 2913 470 2951; x_wconf 86' lang='lat' dir='ltr'><strong>G.</strong></span> <span class='ocrx_word' id='word_1_302' title='bbox 485 2915 577 2958; x_wconf 89' lang='lat' dir='ltr'>X111,</span> <span class='ocrx_word' id='word_1_303' title='bbox 592 2916 678 2959; x_wconf 89' lang='grc'>876·</span> <span class='ocrx_word' id='word_1_304' title='bbox 692 2915 822 2957; x_wconf 81' lang='lat' dir='ltr'>XLVI,</span> <span class='ocrx_word' id='word_1_305' title='bbox 836 2917 916 2960; x_wconf 86' lang='lat'>648;</span> <span class='ocrx_word' id='word_1_306' title='bbox 931 2916 1093 2961; x_wconf 93' lang='lat' dir='ltr'>CXXIII,</span> <span class='ocrx_word' id='word_1_307' title='bbox 1107 2918 1220 2953; x_wconf 89' lang='lat'>801——</span> <span class='ocrx_word' id='word_1_308' title='bbox 1225 2918 1305 2960; x_wconf 81' lang='lat'><strong>8043</strong></span> <span class='ocrx_word' id='word_1_309' title='bbox 1321 2916 1488 2961; x_wconf 92' lang='lat' dir='ltr'>CXXIX,</span> <span class='ocrx_word' id='word_1_310' title='bbox 1503 2917 1582 2960; x_wconf 86' lang='lat'><strong>391;</strong></span> <span class='ocrx_word' id='word_1_311' title='bbox 1600 2917 1700 2959; x_wconf 88' lang='lat'>1155;</span> <span class='ocrx_word' id='word_1_312' title='bbox 1717 2916 1818 2952; x_wconf 89' lang='grc'><strong>1261.</strong></span> 
     </span>
     <span class='ocr_line' id='line_1_40' title="bbox 176 2971 1548 3021; baseline 0.001 -12"><span class='ocrx_word' id='word_1_313' title='bbox 176 2971 206 3016; x_wconf 78' lang='lat'>³)</span> <span class='ocrx_word' id='word_1_314' title='bbox 233 2974 284 3009; x_wconf 92' lang='grc' dir='ltr'>Μ.</span> <span class='ocrx_word' id='word_1_315' title='bbox 310 2973 348 3009; x_wconf 89' lang='grc' dir='ltr'>Ρ.</span> <span class='ocrx_word' id='word_1_316' title='bbox 375 2974 413 3010; x_wconf 89' lang='lat' dir='ltr'>L.</span> <span class='ocrx_word' id='word_1_317' title='bbox 440 2974 569 3017; x_wconf 90' lang='lat' dir='ltr'>XXIII,</span> <span class='ocrx_word' id='word_1_318' title='bbox 595 2975 683 3018; x_wconf 88' lang='lat'>609,</span> <span class='ocrx_word' id='word_1_319' title='bbox 711 2975 759 3011; x_wconf 81' lang='lat' dir='ltr'>cf.</span> <span class='ocrx_word' id='word_1_320' title='bbox 788 2976 854 3012; x_wconf 84' lang='lat'>195</span> <span class='ocrx_word' id='word_1_321' title='bbox 879 2986 951 3021; x_wconf 89' lang='lat' dir='ltr'><strong>sq..</strong></span> <span class='ocrx_word' id='word_1_322' title='bbox 1251 2973 1391 3019; x_wconf 80' lang='lat' dir='ltr'><strong>⁶.)Par</strong></span> <span class='ocrx_word' id='word_1_323' title='bbox 1418 2976 1548 3019; x_wconf 88' lang='lat'>1,182.</span> 
     </span>
    </p>

    <p class='ocr_par' dir='ltr' id='par_1_12' title="bbox 177 3030 1638 3080">
     <span class='ocr_line' id='line_1_41' title="bbox 177 3030 1638 3080; baseline 0.002 -13"><span class='ocrx_word' id='word_1_324' title='bbox 177 3030 207 3074; x_wconf 85' lang='lat'>⁴)</span> <span class='ocrx_word' id='word_1_325' title='bbox 233 3032 285 3067; x_wconf 89' lang='grc' dir='ltr'>Μ.</span> <span class='ocrx_word' id='word_1_326' title='bbox 312 3031 352 3067; x_wconf 93' lang='grc' dir='ltr'><strong>Ρ.</strong></span> <span class='ocrx_word' id='word_1_327' title='bbox 379 3032 417 3068; x_wconf 91' lang='lat' dir='ltr'>L.</span> <span class='ocrx_word' id='word_1_328' title='bbox 444 3032 573 3076; x_wconf 89' lang='lat' dir='ltr'>XXIII,</span> <span class='ocrx_word' id='word_1_329' title='bbox 598 3034 679 3070; x_wconf 64' lang='lat'><strong>20⁴.</strong></span> <span class='ocrx_word' id='word_1_330' title='bbox 1250 3032 1279 3077; x_wconf 93' lang='lat'>)</span> <span class='ocrx_word' id='word_1_331' title='bbox 1307 3033 1366 3070; x_wconf 79' lang='lat' dir='ltr'>Cf.</span> <span class='ocrx_word' id='word_1_332' title='bbox 1389 3034 1446 3080; x_wconf 88' lang='lat' dir='ltr'>Jo.</span> <span class='ocrx_word' id='word_1_333' title='bbox 1473 3034 1555 3077; x_wconf 91' lang='lat' dir='ltr'>XX,</span> <span class='ocrx_word' id='word_1_334' title='bbox 1584 3035 1638 3070; x_wconf 88' lang='lat'><strong>17.</strong></span> 
     </span>
    </p>

    <p class='ocr_par' dir='ltr' id='par_1_13' title="bbox 177 3087 1515 3138">
     <span class='ocr_line' id='line_1_42' title="bbox 177 3087 1515 3138; baseline 0.002 -12"><span class='ocrx_word' id='word_1_335' title='bbox 177 3087 207 3133; x_wconf 79' lang='grc' dir='ltr'>ε’)</span> <span class='ocrx_word' id='word_1_336' title='bbox 234 3090 318 3127; x_wconf 85' lang='lat' dir='ltr'>Par.</span> <span class='ocrx_word' id='word_1_337' title='bbox 345 3091 488 3135; x_wconf 88' lang='lat' dir='ltr'>V11,9;</span> <span class='ocrx_word' id='word_1_338' title='bbox 516 3091 564 3127; x_wconf 86' lang='lat' dir='ltr'>cf.</span> <span class='ocrx_word' id='word_1_339' title='bbox 594 3092 636 3128; x_wconf 86' lang='lat' dir='ltr'><strong>K.</strong></span> <span class='ocrx_word' id='word_1_340' title='bbox 663 3092 816 3137; x_wconf 85' lang='lat' dir='ltr'>Kuiper,</span> <span class='ocrx_word' id='word_1_341' title='bbox 843 3102 878 3129; x_wconf 95' lang='lat' dir='ltr'>o.</span> <span class='ocrx_word' id='word_1_342' title='bbox 905 3093 939 3137; x_wconf 90' lang='lat' dir='ltr'>l.,</span> <span class='ocrx_word' id='word_1_343' title='bbox 967 3103 1002 3138; x_wconf 88' lang='lat' dir='ltr'>p.</span> <span class='ocrx_word' id='word_1_344' title='bbox 1030 3093 1110 3129; x_wconf 85' lang='lat'><strong>363.</strong></span> <span class='ocrx_word' id='word_1_345' title='bbox 1250 3090 1280 3136; x_wconf 82' lang='lat'>⁸)</span> <span class='ocrx_word' id='word_1_346' title='bbox 1308 3092 1367 3130; x_wconf 84' lang='lat' dir='ltr'>Cf.</span> <span class='ocrx_word' id='word_1_347' title='bbox 1394 3104 1429 3129; x_wconf 91' lang='lat' dir='ltr'>n.</span> <span class='ocrx_word' id='word_1_348' title='bbox 1456 3093 1515 3129; x_wconf 88' lang='grc'><strong>76.</strong></span> 
     </span>
    </p>
   </div>
  </div>
 </body>
</html>
