2180 3606
1126 168 1183 210 46

306 295 380 340 Sic
423 310 605 353 quoque
645 299 803 341 ceteris
845 297 1135 351 Paraphrasis
1167 297 1294 348 locis,
1333 297 1415 349 Vll,
1448 298 1530 349 40;
1564 297 1632 348 lX,
1668 298 1747 349 78;
1781 297 1888 350 ΧΙΧ,
1920 298 2002 350 55;

305 368 412 421 XXI,
447 365 537 422 2¹).
572 368 651 411 His
684 368 992 410 accensendus
1026 369 1093 409 est

352 443 436 480 Par.
463 443 524 488 Vl,
548 445 639 480 218:
689 444 763 478 καὶ
788 440 1018 488 προτέρων
1044 443 1271 486 δεδαῶτες
1298 438 1574 487 ἀσιγήτων
1602 438 1706 476 ἀπὸ
1732 442 1956 487 βίβλων,

306 522 500 564 quocum
535 510 739 552 conferas

352 584 436 622 Par.
464 585 542 628 V11,
573 586 660 621 191:
1085 579 1399 628 ἀμοιβάδα
1425 584 1645 628 βίβλον
1671 579 1861 619 ἑλίσσων

572 656 658 691 192;
709 650 805 697 ἕζεο
837 651 1088 697 μαστεύων.
1131 645 1274 687 Multo
1317 646 1448 700 igitur
1486 646 1628 699 magis
1661 644 1900 687 verisimile
1934 647 2004 688 est

304 728 460 758 vocem
505 722 709 770 ἀσίγητος
749 715 896 758 referri
937 717 993 758 ad
1039 727 1182 771 agnos
1228 716 1253 757 i.
1289 727 1325 757 e.
1360 716 1565 758 homines
1599 716 1835 769 loquentes
1868 727 2001 770 quam

304 787 360 829 ad
393 788 631 841 sceptrum,
666 787 735 828 cui
771 798 860 828 non
895 787 1009 828 bene
1043 787 1260 841 congruit.
1283 785 1431 827 Altero
1456 786 1664 827 mandato
1690 790 1873 840 uterque
1896 798 2003 828 auc-

303 860 370 900 tor
393 857 447 899 de
471 857 633 899 ovibus
656 857 865 911 loquitur.
899 857 1010 899 Nam
1043 868 1184 911 μῆλα
1217 860 1259 898 et
1289 864 1595 912 προβάτια
1621 857 1716 899 sive
1738 863 2005 912 πρόβατα

305 928 562 982 praesertim
600 928 798 970 indicant
830 940 900 970 ov
919 939 941 969 e
960 939 995 970 s.
1030 925 1119 970 Sed
1145 927 1273 969 tertio
1301 927 1509 968 mandato
1534 926 1730 981 Joannes
1758 928 1812 969 de
1841 927 2005 969 ovibus

303 1001 486 1049 tantum,
520 998 723 1050 Nonnus,
757 1000 804 1041 ut
836 999 1046 1040 omnibus
1080 998 1316 1040 codicibus
1349 998 1555 1039 traditum
1583 1002 1662 1049 est,
1686 1000 1773 1039 tam
1799 997 1852 1039 de
1876 998 2006 1052 agnis

305 1080 438 1123 quam
463 1069 518 1111 de
542 1069 728 1120 ovibus;
754 1072 981 1124 praeterea
1003 1069 1148 1111 addit:
1172 1075 1359 1125 οὺρανίῃ
1383 1075 1648 1124 καλαύροπι.
1672 1068 1846 1117 Verum,
1871 1068 2004 1110 inter-

302 1141 418 1195 jecto
448 1140 503 1182 de
533 1142 670 1182 morte
694 1136 808 1182 Petri
830 1138 993 1183 Christi
1013 1141 1238 1192 vaticinio,
1257 1140 1376 1195 apud
1396 1140 1604 1182 Nonnum
1624 1141 1827 1193 quartum
1847 1139 2009 1194 legitur

305 1211 561 1253 mandatum

351 1286 434 1322 Par.
458 1284 560 1329 XXI,
592 1287 680 1323 116:
730 1287 805 1321 καὶ
831 1286 990 1331 σοφίης
1014 1284 1239 1330 πλήθοντι
1261 1284 1371 1330 θεὸς
1395 1283 1531 1320 πάλιν
1557 1280 1710 1320 ἔννεπε
1737 1282 1909 1330 Πέτρῳ·

307 1359 394 1394 117:
447 1353 630 1403 ἄρνας
664 1352 800 1402 ἐμοὺς
826 1356 855 1403 ²)
879 1358 1090 1401 ποὶμαινε
1125 1355 1475 1404 σαόφρονας
1510 1353 1730 1391 ἄνθεσι
1761 1355 2007 1400 βίβλων.

306 1422 533 1474 „Quorum
577 1425 831 1476 versuum”,
870 1427 916 1467 ut
958 1426 1149 1480 legimus
1187 1425 1307 1479 apud
1341 1424 1525 1478 Kochly,
1561 1424 1635 1477 qui
1671 1434 1751 1464 eos
1783 1422 2005 1477 genuinos

305 1506 405 1538 esse
438 1495 572 1546 ducit,
608 1507 717 1546 „nec
750 1496 853 1538 vola
885 1508 967 1538 nec
1002 1497 1238 1551 vestigium
1273 1497 1316 1537 in
1352 1495 1585 1550 evangelio
1615 1490 1890 1549 apparet’'³).
1916 1492 2007 1535 Eos

305 1566 468 1608 servari
504 1578 593 1608 non
628 1577 764 1620 posse
798 1567 911 1608 inter
944 1579 1113 1618 versus,
1147 1568 1222 1621 qui
1248 1566 1533 1620 praecedunt,
1558 1576 1743 1619 eosque,
1769 1564 1844 1618 qui
1869 1575 2005 1617 sequ-

307 1638 449 1687 untur,
485 1636 767 1678 manifestum
801 1639 880 1679 est.
920 1637 1032 1679 Nam
1058 1649 1220 1679 nexum
1247 1637 1481 1679 verborum
1508 1636 1727 1690 evangelii
1752 1634 2008 1676 dissolvunt

305 1719 387 1749 nec
421 1707 623 1761 proxime
657 1708 760 1761 post
788 1719 828 1749 v.
856 1708 960 1749 116:
993 1715 1102 1761 θεὸς
1120 1712 1273 1752 ἔννεπε
1307 1709 1387 1749 cet.
1417 1707 1633 1760 subsequi
1659 1711 1849 1760 possunt
1871 1706 2008 1747 verba

304 1790 343 1820 V.
366 1778 471 1820 118:
503 1787 578 1822 καί
603 1784 647 1822 οἱ
672 1786 865 1833 Χριστὸς
887 1783 1037 1832 ἔλεξεν
1060 1779 1144 1820 niSi
1169 1778 1320 1820 addita
1344 1777 1560 1832 particula
1583 1776 1695 1825 εἶτα,
1716 1781 1868 1820 ἔπειτα
1890 1776 2005 1818 Sim..

304 1849 614 1891 Verumtamen
656 1850 962 1903 suspicionem
1007 1851 1156 1891 movet
1199 1849 1471 1903 praesertim,
1517 1848 1639 1901 quod
1687 1848 1756 1889 his
1800 1846 2008 1889 versibus

304 1919 493 1961 Nonnus
536 1920 693 1962 mirum
734 1920 777 1961 in
811 1920 994 1962 modum
1028 1920 1221 1962 deflectit
1252 1931 1277 1961 a
1309 1922 1432 1961 terna
1461 1918 1576 1961 Petri
1611 1931 1636 1960 a
1669 1916 1846 1961 Christo
1881 1929 2006 1959 man-

306 1990 407 2032 data
430 1991 658 2041 missione,
683 1990 763 2033 sed
787 1993 987 2044 quartam
1011 1990 1136 2032 addit
1152 1988 1198 2045 ⁴¹).
1231 1990 1331 2032 Non
1356 1993 1502 2032 tamen
1520 1990 1638 2032 facio
1657 2001 1757 2031 cum
1775 1987 2005 2039 Marcello,

358 2122 384 2166 l)
413 2122 472 2159 Cf.
500 2122 612 2158 Dion.
640 2123 733 2166 Vlll,
759 2124 840 2166 229,
867 2124 914 2159 de
941 2124 1087 2168 cycnis,
1113 2125 1183 2160 335
1209 2124 1256 2160 de
1283 2124 1432 2159 nutrice
1459 2124 1618 2159 dictum.

357 2180 385 2225 ²)
414 2183 635 2218 Lectionem
664 2182 695 2217 V
723 2180 824 2226 ἐμάς,
850 2192 965 2227 quam
993 2184 1168 2227 sequitur
1195 2182 1433 2225 Scheindler‚
1460 2193 1535 2218 non
1564 2182 1741 2218 admitto.

358 2239 385 2284 ⁵)
413 2241 470 2277 De
498 2241 699 2286 Evangelii
723 2241 884 2287 Joannei
916 2241 1000 2277 Par.
1026 2252 1049 2277 a
1074 2242 1215 2277 Nonno
1242 2242 1345 2277 facta
1371 2242 1606 2283 dissertatio,
1634 2251 1669 2285 p.
1695 2242 1752 2276 24.

354 2299 385 2344 ⁴)
414 2301 455 2336 K.
483 2300 637 2344 Kuiper,
671 2302 745 2336 o.l.
780 2311 816 2345 p.
843 2301 911 2336 363
925 2310 982 2344 sq.
1020 2302 1231 2336 verisimile
1265 2311 1353 2336 esse
1389 2302 1495 2336 ducit
1529 2300 1710 2335 Nonnum
1739 2301 1798 2335 his
1825 2300 2006 2336 versibus

302 2361 464 2406 Joannis
498 2361 745 2404 evangelium
781 2370 828 2396 ex
863 2361 1070 2405 evangelio
1101 2360 1204 2396 Petri
1231 2361 1417 2396 dilatasse
1444 2366 1480 2395 et
1508 2361 1798 2404 interpretatum
1826 2369 1925 2402 esse,
1952 2360 2005 2394 ita

307 2420 348 2453 ut
377 2421 486 2454 terna
511 2418 612 2454 Petri
642 2419 777 2454 missio
800 2420 1091 2463 praedicatione
1117 2421 1202 2463 ejus
1228 2420 1456 2464 evangelica
1483 2421 1751 2463 explicaretur,
1777 2420 2004 2463 praesertim

307 2477 367 2512 his
390 2477 537 2513 verbis:
558 2476 692 2510 ἄνθεσι
710 2474 864 2522 βίβλωνι
884 2478 1067 2521 „Immers
1085 2488 1135 2522 op
1154 2479 1228 2513 den
1248 2479 1604 2522 evangelistiscnen
1623 2478 1757 2513 arbeid
1777 2487 1848 2512 van
1867 2476 2007 2513 Petrus

308 2538 452 2581 vestigt
478 2537 526 2580 hij
556 2537 652 2572 door
678 2547 772 2573 eene
799 2538 836 2572 in
864 2538 929 2572 het
955 2547 1033 2582 oog
1062 2538 1237 2573 vallende
1264 2539 1502 2582 ultoreiding
1529 2547 1610 2583 cap.
1631 2536 1716 2571 XXI
1736 2539 1783 2572 de
1801 2537 2004 2572 aandacht.

307 2595 366 2631 Na
392 2597 456 2631 het
482 2596 519 2630 in
547 2598 929 2641 overeensternming
956 2601 1033 2632 met
1059 2598 1123 2632 het
1144 2597 1568 2642 Johannes-evangelie
1594 2596 1775 2631 driemaal
1804 2597 1840 2630 in
1869 2595 2004 2640 gewij-

308 2655 448 2699 zigden
475 2664 584 2689 vorm
612 2655 818 2690 herhaalde
846 2656 970 2698 „hoed
998 2655 1113 2699 mijne
1139 2655 1336 2699 schapen'’
1364 2654 1417 2699 (v.
1443 2655 1499 2698 89,
1525 2655 1581 2697 98,
1604 2653 1686 2697 108)
1707 2656 1824 2698 voegt
1844 2654 1892 2697 hij
1913 2654 2006 2689 daar

309 2714 366 2749 in:
394 2711 447 2756 (v.
477 2712 560 2756 116)
580 2712 644 2745 καὶ
661 2710 794 2756 σοφίης
818 2732 865 2737 -
890 2712 1063 2748 ἄνθεσι
1089 2714 1274 2758 βίβλων.
1303 2715 1339 2749 lk
1357 2717 1447 2750 acht
1468 2715 1669 2758 miizelven
1689 2713 1921 2757 onbevoegd
1939 2722 2003 2748 om

309 2776 345 2807 te
372 2772 564 2807 beslissen
591 2772 632 2807 of
649 2773 762 2817 eigen
782 2774 931 2808 lectuur
950 2783 1023 2809 van
1043 2775 1107 2808 het
1125 2773 1486 2818 Petrus-evangelie
1506 2783 1600 2808 νοοῖ
1618 2774 1692 2807 den
1712 2772 2002 2817 Aegyptischen

309 2831 457 2866 dichter
476 2840 565 2876 mag
584 2832 741 2867 worden
760 2842 1043 2877 aangenomen,
1062 2834 1135 2869 wel
1157 2843 1245 2878 mag
1263 2834 1299 2868 ik
1319 2834 1448 2868 echter
1468 2842 1508 2868 er
1525 2842 1575 2876 op
1596 2833 1654 2875 wij
1664 2841 1743 2873 zen,
1762 2834 1827 2866 dat
1840 2830 2004 2865 Nonnus

309 2891 383 2925 den
417 2899 585 2934 persoon
621 2900 695 2926 van
732 2890 885 2935 Cephas
922 2893 1122 2935 bijzonder
1155 2894 1432 2928 onderscheidt
1458 2902 1504 2927 en
1531 2892 1707 2927 ondanks
1733 2892 1781 2925 de
1807 2891 1883 2925 ook
1908 2889 2004 2924 door

309 2950 396 2984 hem
425 2951 503 2984 met
528 2949 814 2994 uitvoerigheid
834 2952 1104 2994 geschilderde
1123 2950 1569 2996 verloocheningsscene
1588 2951 1686 2993 zijne
1704 2947 1869 2992 ἀρραγὴς
1885 2944 2008 2986 πίστις

310 3010 444 3050 roemt,
479 3008 514 3043 al
547 3009 702 3051 spreekt
736 3009 785 3051 hij
822 3010 1002 3044 evenmin
1030 3011 1089 3046 als
1111 3011 1309 3056 Johannes
1335 3020 1428 3046 over
1453 3011 1500 3046 de
1527 3007 1642 3052 πέτρα
1670 3007 1709 3043 ἐν
1736 3005 1756 3053 ἢ
1783 3007 1803 3052 ἡ
1833 3004 2003 3050 ἐκκλησία

310 3064 681 3109 οἰκοδομ.ηθήσεται.”
