2180 3606
978 196 1058 239 123

221 334 304 370 Par.
330 333 428 377 XIX,
458 335 545 371 103:
571 323 624 378 ἦν
650 333 702 369 δὲ
728 338 876 380 σοφῷ
910 333 1137 381 καλάμῳ
1172 334 1498 379 τετυπωμένον,
1533 327 1725 380 denique
1760 329 1863 382 pOSi

175 394 443 437 vocabulum
487 402 695 449 θηητόν
737 398 1018 450 exspectatur
1060 397 1186 439 Iocus
1226 397 1485 453 designatus
1518 409 1606 439 non
1642 398 1862 440 indicatus

175 464 316 515 stiluS,
360 476 445 508 sc.:
487 473 751 521 μάρτυρι
790 473 995 522 δέλτῳ,
1040 479 1129 521 quo
1163 468 1444 521 aliquatenus
1478 468 1864 510 circumscribatur

170 546 227 592 Jo.
252 544 352 589 XIX,
380 546 444 582 19:
470 546 544 580 καὶ
571 540 732 590 ἔθηκεν
759 542 853 581 ἐπὶ
884 550 989 581 τοῦ
1023 551 1304 593 σταυροῦ.
1348 538 1548 582 Forsitan
1582 539 1712 593 Igitur
1744 539 1862 581 oculi

174 606 347 648 scribae
380 607 687 649 aberraverant
718 608 773 649 ad
807 607 937 650 finem
971 620 1126 651 versus
1159 608 1239 651 95:
1274 616 1447 663 ἄζυγι
1471 617 1694 664 γόμφῳ,
1729 609 1787 651 ita
1820 611 1866 650 ut

174 684 364 731 γόμφῳ
405 676 563 720 viderit
609 678 926 732 scripseritque
970 691 1049 732 pro
1090 691 1201 721 voce
1235 687 1427 735 δέλτῳ.
1456 687 1673 734 Γόμφοι
1704 681 1864 729 autem,

176 746 340 800 quibus
374 745 535 790 Christi
570 748 796 791 occisores
830 751 1019 799 utuntur,
1054 751 1157 792 sunt
1188 750 1300 792 clavi
1334 750 1484 801 ferrei;
1519 750 1637 792 unde
1661 749 1867 792 dicuntur

176 825 647 873 σιδηροφόροι“).

234 887 368 930 Iidem
417 888 529 930 clavi
579 889 783 931 dicuntur
829 888 963 943 ἧλοι
981 899 1025 944 ²),
1069 902 1256 944 quorum
1298 892 1533 946 vestigium
1579 893 1604 933 i.
1624 904 1660 934 e.
1703 892 1866 934 vulnus

175 957 288 1000 ferro
333 958 600 1012 profundum
644 962 732 1002 est:
775 968 1211 1013 βαθυνόμενόν
1248 981 1307 1004 τε
1347 968 1588 1017 σιδήρῳ.
1632 962 1717 1016 Ipsi
1753 961 1864 1004 clavi

176 1030 302 1070 acute
335 1029 408 1070 fixi
442 1032 557 1081 sunt,
591 1042 652 1073 sc.
686 1037 1033 1085 ὁξυτόροι’),
1068 1029 1232 1074 Christi
1267 1034 1412 1073 autem
1447 1044 1604 1075 manus
1635 1032 1864 1087 pedesque

175 1103 504 1154 ἡλότυποιὴ.
523 1099 674 1144 Clavis
693 1100 934 1143 Dominum
954 1103 1071 1144 cruci
1091 1113 1191 1144 esse
1210 1102 1417 1144 suffixum
1438 1102 1551 1145 effici
1571 1115 1659 1145 non
1679 1105 1826 1157 potest
1844 1114 1866 1144 e

223 1179 306 1215 Par.
328 1180 430 1224 -XIX,
460 1181 546 1217 167:
596 1179 657 1225 μὴ
682 1181 757 1215 καὶ
783 1177 853 1215 ἐπὶ
879 1185 1093 1228 σταυροῖο
1119 1180 1342 1226 πεπηγό
1359 1194 1425 1216 τα
1452 1181 1639 1225 σώματα
1665 1183 1819 1228 μίμνῃ,

178 1253 412 1306 propterea
445 1253 566 1307 quod
600 1266 688 1296 non
719 1256 885 1296 tantum
911 1265 1099 1309 corpora
1121 1254 1252 1296 affixa
1275 1255 1392 1297 cruci
1418 1255 1554 1297 verbo
1575 1263 1867 1310 πεπηγότα,

177 1323 256 1365 sed
290 1323 420 1365 etiam
454 1335 642 1377 corpora
674 1326 844 1367 mortua
877 1326 919 1367 et
951 1325 1137 1380 rigentia
1164 1325 1377 1367 insInuari
1403 1328 1606 1379 possunt.
1641 1323 1729 1368 Sed
1753 1326 1868 1368 clare

179 1394 297 1447 patet
329 1405 352 1435 e
384 1398 467 1434 Par.
492 1397 591 1442 XIX,
617 1399 709 1435 200:
747 1397 1130 1443 πεπηγμένον
1157 1395 1293 1445 ἄκρον
1320 1395 1508 1444 ἐρύσσας

444 1464 534 1499 201:
586 1461 743 1507 δίζυγα
769 1461 975 1506 δεσμὸν
1002 1458 1160 1498 ἔλυσεν
1185 1460 1502 1507 ἀκαχμένον
1532 1461 1645 1508 ὀξέι
1671 1466 1870 1511 χαλκῷ.

237 1533 356 1585 Quot
388 1535 528 1577 clavis
562 1533 767 1579 Christus
800 1537 918 1579 cruci
953 1536 1140 1579 suffixus
1173 1537 1242 1587 sit,
1278 1537 1457 1580 duobus
1489 1549 1543 1579 an
1573 1538 1726 1589 tribus,
1750 1538 1868 1592 apud

177 1606 384 1649 Nonnum
419 1607 585 1648 certum
619 1618 707 1649 non
743 1609 821 1649 est.
856 1605 1056 1657 Quatuor
1089 1608 1241 1651 clavos
1275 1609 1394 1650 certo
1429 1620 1516 1650 non
1545 1608 1735 1651 admisit.
1760 1609 1869 1651 Nam

179 1675 340 1721 Christi
375 1677 516 1732 pedes
549 1690 638 1721 uno
672 1680 838 1721 tantum
873 1679 1000 1721 clavo
1029 1679 1253 1734 conJ‘uncti
1279 1679 1603 1733 transfossique
1626 1681 1741 1722 sunt.
1776 1679 1871 1721 Hoc

179 1748 237 1790 ita
270 1759 371 1791 esse
404 1748 733 1792 demonstratur

226 1828 308 1864 Par.
336 1829 432 1871 XIX,
457 1830 525 1865 95:
778 1826 1146 1876 ὁμοτρήτοισι
1180 1828 1463 1876 πεπαρμένον
1490 1827 1645 1875 ἅζυγι
1679 1828 1871 1875 γόμφῳ

459 1901 527 1936 96;
579 1898 768 1935 διπλόον
794 1896 920 1945 ἕλκος
947 1896 1122 1945 ἔχοντα,
1150 1904 1229 1946 μιῇ
1256 1899 1554 1947 τετορημένον
1580 1897 1694 1947 ὁρμῇ

462 1971 529 2007 97;
579 1972 795 2006 ποσσὶν
820 1967 1180 2015 ὁμοπλεκέεσσιν,
1208 1968 1414 2015 ἀκαμπέα
1441 1970 1610 2015 δεσμὸν
1636 1969 1847 2018 ὀλέθρου.

181 2042 276 2085 Hos
316 2053 472 2085 versus
504 2044 540 2085 si
575 2044 775 2098 explicas
809 2044 863 2086 de
897 2057 986 2087 uno
1020 2045 1161 2095 clavo,
1186 2057 1265 2099 per
1288 2045 1427 2099 pedes
1450 2045 1580 2087 simul
1608 2045 1874 2099 conjunctos

181 2116 223 2157 et
265 2114 550 2164 transfossos,
596 2125 683 2156 uno
727 2115 815 2157 ictu
848 2114 1073 2166 transfixo,
1108 2116 1167 2157 ita
1200 2117 1246 2157 ut
1278 2115 1431 2157 clavus
1465 2115 1538 2157 ille
1572 2115 1628 2157 sit
1660 2115 1872 2169 perniciei

181 2185 421 2235 vinculum,
436 2185 558 2238 quod
573 2185 705 2240 effugi
726 2188 930 2239 nequeat,
944 2187 1093 2228 omnia
1106 2187 1214 2229 satis
1227 2186 1344 2228 clara
1358 2188 1491 2239 atque
1506 2186 1744 2240 perspicua
1758 2187 1871 2237 sunt,

182 2267 314 2298 secus
346 2256 538 2298 obscura
570 2257 731 2299 omnia.
766 2255 819 2299 At
852 2255 1178 2300 Knabenbauer
1210 2257 1264 2299 de
1299 2258 1382 2298 hoc
1417 2257 1517 2298 loco
1551 2258 1660 2299 haec
1694 2257 1872 2299 scribit:

186 2325 333 2379 „Dicit
372 2326 555 2381 quidem
597 2326 784 2370 Nonnus
818 2328 958 2382 pedes
991 2339 1090 2371 esse
1123 2328 1360 2370 transfixos
1394 2333 1614 2381 c'e'gvy2‘)
1652 2335 1872 2381 γόμφῳ,

185 2408 299 2451 quae
332 2396 468 2439 dictio
501 2398 693 2440 obscura
725 2400 804 2449 est,
837 2401 879 2441 at
913 2411 1012 2441 cum
1047 2399 1204 2441 eodem
1239 2398 1339 2440 Ioco
1372 2398 1428 2440 ad
1462 2410 1501 2439 v.
1541 2397 1590 2439 15
1623 2397 1872 2452 scripserit:

185 2469 357 2510 erectus
389 2468 460 2510 hic
494 2471 644 2523 pereat
668 2468 877 2512 ferriferis
900 2481 924 2512 a
947 2469 1087 2512 clavis
1111 2472 1320 2511 extensus
1345 2469 1387 2510 in
1412 2469 1534 2523 ligno
1559 2468 1711 2510 mortis
1733 2467 1873 2509 factae

185 2546 511 2594 τετράςυγι
547 2550 748 2595 δεσμῷ
791 2540 1057 2595 quadriiugo
1098 2539 1166 2582 vel
1211 2538 1491 2593 quadruplici
1531 2537 1724 2588 vinculo,
1759 2540 1875 2580 certe

185 2609 240 2651 de
286 2611 492 2662 quattuor
527 2609 666 2652 clavis
699 2611 961 2653 sententiam
995 2611 1092 2665 ipse
1126 2622 1307 2664 quoque
1341 2609 1550 2652 enuntiat.
1585 2606 1732 2658 Quare
1766 2609 1875 2651 illud

187 2686 358 2733 ἄζυγι
394 2688 601 2736 γόμφῷ
634 2681 845 2735 explicari
880 2681 1061 2723 debebit
1093 2692 1191 2722 curn
1227 2679 1328 2734 Hug
1360 2683 1401 2722 et
1434 2679 1610 2734 Langen
1646 2691 1688 2733 p.
1711 2679 1797 2721 319
1820 2679 1874 2721 de

240 2794 267 2840 ¹)
294 2795 377 2832 Par.
402 2794 502 2840 XIX,
526 2797 594 2840 73;
619 2797 689 2833 sed
714 2795 844 2840 XVIII,
870 2798 916 2833 29
934 2798 1005 2833 hac
1025 2806 1121 2832 voce
1140 2796 1360 2832 indicantur
1378 2794 1520 2830 milites
1543 2795 1661 2831 armis
1679 2795 1875 2839 instructi;

189 2855 237 2891 cf.
264 2853 377 2891 Dion.
402 2853 530 2899 XLVI,
555 2857 595 2892 2:
622 2856 880 2900 σιδηροφόρων
906 2855 981 2889 ἀπὸ
1008 2860 1149 2901 χειρῶν.

240 2911 268 2957 ⁵¹)
296 2913 379 2950 Par.
409 2912 492 2957 XX,
521 2915 608 2957 1113
644 2916 720 2951 125.
748 2915 861 2960 Apud
888 2915 1095 2951 Homerum
1123 2924 1276 2959 semper
1302 2914 1461 2950 ornatus
1489 2922 1607 2950 causa
1632 2914 1876 2957 adhibentur,

190 2972 490 3075 utssgl-pssj‘ssxfik,
518 3033 606 3075 lll;
635 3033 712 3069 125.
1084 3030 1112 3075 ⁶)
1141 3030 1198 3068 Cf.
1226 3041 1260 3067 n.
1287 3031 1343 3067 77.

242 3089 271 3133 ⁴)
298 3089 381 3127 Par.
407 3088 490 3135 XX,
515 3091 643 3137 9osq..
