2180 3606
1166 202 1222 244 86

347 333 416 383 δίῒ,
441 334 486 375 ut
508 333 627 387 apud
646 332 940 375 Matthaeum:
965 337 1097 385 ὄχλος
1122 339 1260 385 πολὺς
1281 341 1394 384 μετὰ
1420 343 1655 387 μαχαιρῶν
1681 341 1755 375 καὶ
1781 337 1974 385 ξύλων
1994 340 2035 386 ¹).

348 401 577 446 Praeterea
599 415 687 445 vox
719 408 884 455 ἑσμὸς
917 402 1134 456 legentem
1159 401 1368 444 admonet
1390 402 1445 445 de
1468 401 1690 444 vocabulo
1713 407 1890 456 ὄχλος,
1914 401 2035 456 quod

347 474 467 528 apud
501 475 762 529 synopticos
795 474 1008 527 scriptum
1043 475 1121 516 est.

407 544 601 587 Priorem
623 543 1006 599 manumJoannes
1023 552 1103 598 τὴν
1121 557 1305 600 σπεῖραν
1323 546 1464 587 vocat.
1485 543 1551 586 De
1571 544 1652 586 hac
1666 545 1810 586 autem
1825 542 2038 598 Polybius

348 616 476 658 dicit:
522 628 710 671 „Enstqa
747 625 951 659 καλεῖται
988 622 1040 659 τὸ
1078 621 1309 669 σύνταγμα
1346 627 1436 660 τῶν
1469 624 1625 668 πεζῶν,
1660 622 1778 670 παρὰ
1806 619 2040 669 Ῥωμαίοις

347 694 607 742 κοόρτις”’).
652 684 711 730 Re
746 697 849 728 vera
888 697 987 728 cum
1022 686 1066 728 in
1098 686 1241 728 Veteri
1265 683 1298 739 3)
1331 688 1421 728 tum
1456 686 1498 728 in
1533 685 1661 728 Novo
1694 684 1980 728 Testamento
2007 682 2040 740 ⁴)

348 769 525 812 semper
546 757 601 800 de
626 769 757 800 manu
782 757 969 799 militum
994 756 1165 808 dicitur,
1189 757 1372 812 saepius
1396 755 1708 802 Romanorum.
1734 755 1857 799 Hanc
1879 758 2040 808 autem,

349 828 404 871 de
447 840 535 882 qua
567 828 723 883 agitur,
754 840 939 883 σπεῖραν
972 827 1156 869 militum
1193 827 1491 872 Romanorum
1525 828 1752 870 eohortem
1785 826 1924 870 fuisse
1957 827 2041 870 sub

350 898 578 953 praesidis·
603 896 730 941 Pilati
765 899 952 953 imperio
987 898 1267 953 evangelium
1291 898 1406 941 clare
1431 898 1608 941 indicat.
1643 898 1753 941 Nam
1779 898 1940 940 milites
1963 898 2041 940 i.e.

349 982 693 1025 στρατιῶται
711 977 754 1024 ⁸),
789 970 864 1024 qui
900 969 1019 1024 apud
1049 968 1263 1024 Joannem
1298 967 1476 1013 Christo
1501 981 1710 1012 coronam
1734 970 1936 1023 spineam
1961 969 2042 1011 im-

351 1043 608 1095 posuerunt,
653 1040 786 1083 iidem
820 1052 844 1083 a
877 1040 1103 1083 Matthaeo
1136 1046 1161 1095 ὴ
1187 1053 1383 1096 σπεῖρα
1414 1043 1650 1083 vocantur:
1695 1048 1804 1085 Τότε
1839 1047 1882 1085 οἱ
1916 1057 2044 1096 στρα-

349 1124 508 1156 τιῶται
540 1124 621 1156 τοῦ
655 1117 869 1166 ἡγεμόνος
902 1118 1238 1167 παραλαβόντες
1273 1118 1351 1155 τὸν
1381 1115 1549 1165 Ἰησοῦν
1584 1118 1646 1164 εἰς
1684 1118 1735 1154 τὸ
1772 1118 2044 1166 πραιτώριον

351 1188 596 1237 συνήγαγον
623 1186 686 1226 ἐπ’
718 1187 856 1226 αὐτὸν
892 1187 1025 1235 ὅλην
1059 1189 1154 1235 τὴν
1187 1189 1479 1237 σπεῖραν“).
1513 1180 1743 1223 praeterea
1776 1182 1937 1224 cohors
1971 1180 2045 1223 IIIa

351 1254 575 1304 omnibus,
609 1253 663 1296 ad
699 1264 814 1307 quos
847 1253 1076 1295 historiam
1112 1251 1274 1296 Christi
1299 1252 1559 1295 edocendos
1583 1252 1883 1307 evangelistae
1907 1252 2045 1295 libros

351 1325 638 1379 scripserunt,
673 1326 777 1366 nota
809 1325 887 1374 est,
923 1325 968 1366 ut
1001 1325 1121 1378 patet
1153 1335 1207 1365 ex
1240 1323 1454 1377 particula
1485 1328 1512 1377 ἡ
1537 1323 1701 1366 addita.
1726 1322 1857 1378 Atqui
1883 1324 2046 1366 cohors

350 1397 518 1438 tantum
562 1406 649 1437 una
692 1394 1014 1449 Hierosolymis
1057 1396 1124 1437 est
1145 1390 1178 1449 7)
1222 1396 1263 1436 et
1299 1407 1455 1450 σπεῖρα
1497 1395 1539 1436 in
1584 1393 1705 1437 Actis
1738 1394 2044 1449 apostolorum

352 1477 529 1521 semper
562 1464 803 1510 Romanam
834 1466 1061 1508 cohortem
1084 1465 1317 1520 significat,
1342 1466 1411 1507 cui
1437 1467 1611 1519 praeest
1633 1465 1837 1507 tribunus
1860 1465 2046 1507 militum

353 1537 541 1592 ejusque
575 1536 816 1591 manipulis
850 1537 1133 1579 centuriones
1167 1538 1377 1590 praesunt
1393 1533 1439 1590 ⁸).
1474 1535 1647 1587 Quodsi
1673 1536 1774 1590 quis
1797 1536 1902 1578 velit
1924 1535 2048 1578 Non—

354 1620 457 1650 num
477 1608 520 1650 in
539 1618 622 1650 suo
641 1607 859 1662 evangelii
880 1607 1036 1649 codice
1056 1606 1243 1662 legisse:
1267 1612 1291 1652 ὀ
1310 1606 1391 1652 οὖν
1407 1611 1578 1661 Ἰούδας
1596 1616 1749 1661 λαβὼν
1765 1615 1846 1661 τὴν
1864 1619 2048 1663 σπεῖραν

353 1692 443 1724 τῶν
470 1685 713 1734 ἀρχιερέων
738 1688 813 1722 καὶ
840 1684 922 1732 (ἐκ)
946 1690 1036 1723 τῶν
1056 1688 1317 1734 Φαρισαίων
1335 1683 1565 1734 ὑπηρέτας,
1590 1680 1810 1733 expuncta
1834 1677 2049 1732 particula

352 1759 427 1794 καί
444 1752 543 1792 ante
557 1761 712 1792 vocem
728 1754 984 1805 ἀρχιερέων,
1000 1750 1205 1803 quamvis
1219 1748 1319 1792 talis
1333 1748 1537 1791 lectionis
1552 1761 1605 1791 ne
1614 1749 1851 1804 vestigium
1866 1748 2047 1804 quidem

355 1823 509 1872 exstat,
558 1820 707 1874 itaque
750 1821 977 1862 cohortem
1024 1820 1142 1862 illam
1182 1819 1308 1862 Pilati
1343 1820 1530 1874 imperio
1565 1832 1653 1862 non
1687 1820 1838 1872 teneri,
1871 1819 2047 1862 fallitur.

354 1891 639 1935 Manifestum
684 1894 750 1934 est
790 1891 906 1934 enim
944 1891 1102 1946 Judam
1147 1892 1374 1934 cohortem
1417 1891 1650 1946 accepisse
1688 1903 1713 1934 a
1746 1890 2048 1945 pontificibus,

356 1962 591 2018 pontifices
623 1965 768 2005 autem
802 1963 858 2005 ab
892 1963 993 2017 ipso
1027 1961 1184 2005 Pilato.

415 2033 579 2078 Contra
621 2034 810 2076 Nonnus
853 2034 1043 2088 priorem
1088 2045 1266 2076 manum
1307 2034 1332 2076 i.
1353 2045 1389 2076 e.
1429 2041 1668 2089 στρατὸν
1694 2039 2049 2089 ἀσπιστῆρα·)

356 2118 445 2148 non
479 2106 641 2148 milites
675 2104 900 2150 Romanos
933 2105 1013 2147 sed
1047 2104 1210 2147 milites
1238 2104 1433 2159 Judaeos
1467 2104 1685 2159 intelligit,
1720 2106 1765 2146 ut
1797 2106 1981 2159 apparet

404 2198 486 2235 Par.
506 2199 722 2242 XVIII,58:
1101 2195 1281 2241 φύλαξ
1317 2192 1553 2243 δ’ἱεροῖο
1586 2195 1882 2243 μελάθρου

403 2270 470 2306 59;
520 2266 727 2313 χιλιάδος
753 2264 915 2312 ζαθέης
941 2271 1147 2314 στρατιῆς
1172 2265 1342 2314 πρόμος
1366 2267 1424 2312 ¹⁰),
1453 2264 1568 2302 ἀλλὰ
1594 2268 1668 2302 καὶ
1695 2263 1829 2311 αὐτὸς

404 2341 471 2377 60:
522 2337 604 2375 σὺν
628 2337 846 2386 προμάχῳ
871 2338 915 2383 ¹¹)
943 2339 1164 2382 δασπλῆτι
1191 2336 1500 2384 φερεσσακέων
1526 2336 1713 2384 στρατὸς
1739 2334 1918 2384 ἀνδρῶν
1944 2339 2027 2382 cet„

412 2516 438 2561 ¹)
465 2518 602 2554 Matth.
629 2518 762 2561 XXVI,
788 2518 856 2561 47;
883 2517 932 2553 cf.
959 2517 1077 2558 Marc.
1104 2517 1201 2561 XIV,
1227 2518 1296 2560 43;
1323 2517 1411 2552 Luc.
1440 2516 1553 2559 XXII,
1578 2516 1634 2552 52.

410 2575 439 2620 ⁵)
466 2577 603 2622 Polyb.
629 2577 691 2620 XI,
717 2578 773 2612 21.
1255 2574 1284 2619 ⁸)
1313 2575 1372 2613 Cf.
1399 2576 1426 2611 II
1453 2575 1603 2611 Macch.
1631 2575 1674 2618 V,
1700 2576 1745 2618 2;
1772 2574 1849 2617 XII,
1875 2575 1942 2618 203
1968 2575 2025 2610 22.

411 2634 440 2679 ⁸)
468 2635 526 2672 Cf.
553 2636 689 2672 Matth.
716 2636 866 2679 XXVII,
892 2636 955 2679 27;
982 2635 1099 2672 Marc.
1126 2635 1208 2679 XV,
1238 2635 1297 2678 163
1321 2635 1377 2681 Jo.
1405 2634 1533 2677 XVIII,
1559 2634 1604 2677 33
1634 2634 1694 2676 12;
1722 2634 1805 2669 Act.
1825 2633 1869 2677 X,
1892 2635 1928 2677 1;
1955 2633 2052 2678 XXI,

360 2696 423 2736 31:
451 2694 601 2738 XXVII,
629 2695 659 2730 1.

413 2751 441 2797 ⁸)
465 2754 522 2800 Jo.
548 2753 646 2797 XIX,
671 2754 705 2789 2.
1258 2751 1287 2796 ⁶)
1314 2752 1450 2788 Matth.
1466 2751 1615 2795 XXVII,
1629 2752 1693 2794 27;
1709 2750 1757 2787 cf.
1768 2751 1886 2787 Marc.
1901 2750 1982 2795 XV,
1999 2751 2052 2787 16.

414 2811 441 2855 ⁷)
469 2812 528 2848 Cf.
555 2812 595 2847 E.
617 2811 794 2856 Schiirer,
812 2811 955 2849 Gesch.
974 2812 1044 2849 des
1061 2812 1139 2856 jiid.
1159 2811 1304 2848 Volkes
1323 2812 1373 2846 im
1392 2811 1575 2847 Zeitalter
1588 2810 1677 2856 Jesu
1699 2809 1841 2846 Christi
1860 2809 1900 2854 11,
1918 2820 1954 2855 p.
1972 2810 2051 2846 464.

412 2869 424 2887 8

414 2870 442 2974 ’ζ
470 2870 629 2966 3125}
631 2872 704 2973 ΐιῖ
717 2872 915 2975 glr’aeterea
934 2931 1023 2967 huic
1043 2931 1172 2966 manui
1191 2930 1354 2966 militum
1373 2929 1635 2966 attribuuntur
1653 2928 1842 2973 epitheta:
1869 2924 2053 2961 σακέσπα-

364 2990 435 3031 λος,
462 2988 544 3025 Par.
571 2989 649 3032 XII,
674 2989 720 3024 27
734 2986 781 3033 †;
808 2987 1067 3034 σιδηροφόρος,
1090 2989 1217 3031 XVIII,
1236 2989 1300 3032 293
1318 2987 1528 3033 μαχήμονες
1546 2985 1573 3030 †
1591 2986 1825 3029 ἀσπιδιώται,
1844 2986 1973 3030 XVIII,
1990 2986 2052 3029 363

365 3046 606 3150 wfgsqzngag}
629 3048 757 3150 >fl-VIII,
783 3049 830 3085 60
847 3047 898 3092 †;
924 3048 1158 3091 ἄσπιὸιῶται,
1183 3048 1455 3149 XV¹I¹I)I,h(¹39i)ar
1493 3103 1520 3149 †
