2180 3606
162 329 212 370 N.
241 328 310 369 60.

157 1408 218 1449 N.
247 1407 316 1449 61.

1182 200 1262 242 116

433 329 758 372 Attendendum
794 331 861 371 est
894 329 1089 383 denique
1123 329 1177 370 ad

421 411 502 446 Par.
531 411 626 451 xlx.
653 412 718 447 84:
770 410 844 443 καὶ
870 407 1058 454 θανάτῳ
1084 409 1316 454 χαίροντες
1343 406 1547 453 (mandit-g
1573 406 1802 454 ἀρχιερῆες

654 482 720 516 85;
769 475 938 523 Ἰησοῦν
964 476 1178 523 ἐδέχοντο
1205 478 1466 525 θελήμονες·
1493 477 1722 525 ὠκύμοροι
1749 478 1799 514 δὲ

653 552 723 587 86:
775 546 1014 586 ἀθανάτου
1040 552 1254 596 Χριστοῑο
1281 552 1435 596 βροτοὶ
1461 549 1640 595 γεγάασι
1668 553 1829 596 φονῆες

654 623 722 658 87;
772 619 932 665 πάντες
957 617 1087 664 ὁμοῦ.

376 696 455 738 His
502 695 617 737 enim
667 694 871 737 versibus
919 693 1045 748 plura
1093 696 1310 737 contraria
1358 696 1589 738 contrariis
1636 698 1936 749 opponuntur,
1986 695 2066 738 sed

376 766 632 820 praesertim
666 765 870 808 homines
898 765 1120 817 mortales,
1144 767 1219 820 qui
1254 772 1563 822 ὠκύμοροι
1602 775 1815 822 βροτοί
1847 766 2066 817 dicuntur,

377 837 636 879 immortalis
679 834 842 880 Christi
888 847 950 878 se.
985 842 1304 881 ἀθανάτου
1342 849 1636 893 Χριστοῑο
1671 837 1920 881 homicidas
1953 848 2066 880 esse.

377 907 429 949 Hi
464 909 609 950 autem
641 907 846 950 homines
868 909 971 950 sunt
994 919 1150 950 omnes
1173 908 1304 950 simul
1331 907 1578 962 pontifices.
1612 908 1738 959 Nam,
1762 920 1839 950 cur
1860 907 2067 950 Nonnum

376 979 430 1021 de
474 978 684 1021 omnibus
718 978 850 1021 simul
884 979 1156 1030 hominibus,
1192 979 1217 1021 i.
1238 990 1275 1021 e.
1308 979 1363 1021 de
1397 980 1489 1021 toto
1523 991 1683 1034 genere
1717 980 1911 1022 humano
1945 978 2067 1032 loqui

378 1051 598 1104 putemus,
633 1062 721 1092 non
756 1052 835 1092 est.
870 1049 1100 1092 Praeterea
1133 1061 1309 1093 omnem
1343 1050 1432 1092 tere
1466 1048 1629 1093 Christi
1665 1050 1946 1093 condemnati
1976 1049 2070 1092 cul-

378 1133 478 1176 pam
499 1121 787 1176 paraphrasta
805 1121 848 1163 in
868 1120 1102 1176 pontifices
1121 1121 1360 1176 praecipue
1379 1121 1561 1173 confert,
1581 1122 1623 1163 in
1637 1120 1795 1175 Judam
1809 1123 2070 1175 ceterosque

373 1192 581 1247 Judaeos.
631 1191 748 1234 ldem
796 1193 941 1234 autem
985 1192 1153 1234 faciunt
1195 1191 1422 1235 Ecclesiae
1465 1191 1629 1243 Patres,
1668 1192 1863 1247 Judaeos
1907 1190 2069 1236 Christi

378 1263 628 1306 homicidas
661 1264 971 1317 nuncupantes
989 1259 1034 1316 ¹).

434 1405 578 1460 Jesus,
624 1407 862 1459 postquam
907 1406 1067 1460 capitis
1110 1406 1346 1448 damnatus
1388 1408 1467 1456 est,
1512 1406 1760 1461 intrepidus
1798 1406 1853 1448 ad
1887 1409 2071 1448 mortem

379 1477 671 1532 progreditur,
705 1488 880 1519 crucem
915 1477 1134 1531 bajulans,

426 1558 509 1594 Par.
536 1558 634 1601 XIX,
659 1559 727 1594 89:
778 1554 923 1592 εἰσόκε
947 1560 1096 1603 χῶρον
1123 1555 1246 1593 ἵκανε
1273 1555 1592 1603 φατιζομὲνοιο
1621 1557 1910 1604 Κρανείου,

519 1630 588 1666 9οε
634 1623 796 1671 Ἀδὰμ
822 1626 1205 1675 πρωτογόνοιο
1232 1627 1566 1675 φερώνυμον
1590 1628 1617 1674 ⁹)
1646 1626 1835 1673 ἄντυγι
1861 1626 2072 1674 κόρσης,

519 1701 558 1737 91
580 1712 588 1737 :
640 1699 921 1744 Γολγοθά
947 1698 1027 1735 τὸν
1051 1698 1261 1735 καλέεσκε
1287 1697 1445 1747 Σύρων
1471 1698 1629 1744 στόμα.

437 1773 639 1823 Nonnus,
673 1773 954 1827 evangelium
989 1775 1185 1823 secutus,
1220 1773 1382 1825 locum,
1407 1773 1480 1815 ubi
1507 1771 1711 1817 Christus
1735 1772 1972 1816 crucifixus
1995 1774 2075 1823 est,

379 1846 507 1887 vocat
550 1852 848 1898 Γολγοθά,
896 1852 1203 1900 Κράνειον
1246 1845 1273 1887 i.
1303 1856 1339 1887 e.
1389 1843 1728 1894 Calvariam,
1772 1839 2075 1897 Calvam³).

379 1915 474 1958 Hoc
521 1927 683 1957 nomen
727 1914 952 1970 explicare
995 1918 1182 1958 conatus
1222 1918 1287 1958 est
1321 1927 1374 1958 ex
1406 1914 1563 1958 Adami
1598 1915 1880 1971 primogeniti
1915 1911 2076 1957 vertice

379 1986 539 2041 capitis
581 1987 676 2029 sive
723 1986 862 2038 calva,
895 1998 921 2028 a
953 1997 1042 2040 qua
1075 1999 1237 2029 nomen
1267 1987 1443 2041 accepit
1467 1984 1512 2041 ⁴).
1547 1986 1681 2029 Novit
1719 1987 1851 2041 igitur
1881 1985 2076 2028 fabulam

380 2058 703 2112 perantiquam,
747 2068 862 2111 quae
907 2059 1052 2100 narrat
1096 2056 1252 2100 Adami
1297 2058 1467 2100 calvam
1512 2058 1555 2099 in
1598 2058 1713 2108 loco,
1748 2069 1838 2111 quo
1873 2054 2078 2100 Christus

380 2128 618 2171 crucifixus
651 2130 730 2179 est,
765 2139 864 2171 esse
898 2128 1133 2183 sepultam.
1168 2128 1396 2171 Noverunt
1429 2140 1524 2171 eam
1550 2128 1830 2183 Epiphanius
1845 2125 1879 2182 ⁵)
1912 2129 1954 2170 et
1975 2125 2078 2170 Ori-

380 2211 518 2255 genes
535 2196 581 2254 ⁵),
616 2211 806 2253 quorum
841 2200 912 2241 hic
947 2199 1129 2242 saeculo
1162 2201 1303 2250 tertio,
1338 2200 1411 2242 ille
1445 2202 1601 2254 quarto
1635 2199 1818 2242 saeculo
1853 2210 1894 2253 p.
1924 2196 2005 2242 Ch.
2036 2210 2077 2240 n.

379 2272 538 2314 floruit.
572 2268 660 2313 Sed
695 2271 820 2320 liber,
856 2271 924 2312 cui
960 2271 1135 2313 titulus:
1172 2271 1296 2322 „Vita
1329 2270 1484 2313 Adami
1520 2273 1562 2313 et
1595 2270 1740 2313 Evae''
1770 2282 1865 2312 eam
1891 2270 2077 2324 ignorat.

381 2341 612 2384 Praeterea
646 2342 793 2384 locum
828 2339 1060 2384 Calvariae
1094 2342 1254 2384 collem
1288 2342 1428 2384 fuisse
1461 2342 1592 2384 tradit

428 2422 511 2459 Par.
539 2423 636 2465 XlX,
666 2423 755 2459 106:
806 2422 961 2458 τίτλον
988 2420 1114 2462 ἰδών,
1142 2418 1212 2456 ὅτι
1238 2425 1382 2468 χῶρος
1409 2417 1484 2466 ἔην
1510 2419 1697 2467 λόφος
1733 2418 1861 2456 ἄστεϊ
1881 2420 2055 2466 γείτων,

662 2495 754 2530 213;
805 2482 858 2537 ἦν
885 2491 937 2528 δέ
955 2505 1021 2538 τις
1048 2490 1213 2528 αὐτόθι
1240 2495 1376 2540 κῆπος
1402 2490 1722 2539 ἀερσιλόφῳ
1747 2490 2079 2538 παριὶ”χώρῳ.

383 2566 672 2622 Evangelium
706 2568 852 2610 autem
887 2565 1135 2610 Calvariam
1170 2573 1357 2610 τόπον
1385 2566 1693 2608 tantummodo
1727 2566 1833 2608 dicit
1850 2562 1896 2620 7).

436 2690 462 2736 ¹)
490 2691 549 2728 Cf.
575 2692 627 2727 M.
654 2692 693 2728 P.
721 2691 767 2728 G.
795 2691 887 2734 LIX,
911 2691 1003 2733 460;
1031 2689 1194 2732 LXXIV,
1220 2689 1308 2732 633;
1335 2689 1494 2734 passim.
1514 2689 1636 2725 Aliter
1653 2690 1701 2725 de
1720 2689 1781 2725 his
1799 2688 1882 2726 Par.
1901 2688 2080 2726 versibus

381 2752 527 2796 iudicat
554 2751 596 2787 Κ.
624 2752 766 2796 Kuiper
791 2753 864 2786 0.l.
891 2760 926 2794 p.
952 2750 1034 2785 348.

435 2809 463 2854 ξ)
491 2811 529 2846 ln
558 2810 642 2847 Par.
661 2808 705 2854 †;
734 2810 783 2846 ct.

431 2869 544 2906 Dion.
573 2869 663 2912 Vlll,
689 2870 757 2905 75:
796 2868 929 2907 κύκλος
954 2865 1193 2911 ἀερσιλόφοιο
1220 2866 1437 2911 φερώνυμος
1458 2863 1633 2910 Ἀρκάδος
1652 2864 1813 2910 Ἄρκτου.

437 2927 466 2972 ³)
494 2928 552 2965 Cf.
580 2929 695 2965 Arist.
723 2928 766 2964 H.
794 2928 838 2964 A.
866 2927 905 2971 11,
932 2929 1000 2964 75:
1026 2925 1202 2972 τριχωτὸν
1228 2927 1392 2971 κεφαλῆς
1417 2922 1537 2970 μέρος,
1565 2928 1587 2962 i.
1606 2936 1638 2963 e.
1665 2931 1816 2970 κρᾶνον.

440 2989 468 3029 ⁸¹)
496 2987 554 3024 Cf.
582 2988 623 3023 K.
652 2987 804 3032 Kuiper,
832 2997 867 3023 ο.
882 2988 917 3031 1.,
943 2997 980 3032 p.
1006 2987 1075 3023 397
1101 2996 1171 3031 sq..

438 3046 465 3089 ⁵)
495 3046 553 3082 Cf.
579 3047 630 3082 M.
658 3046 698 3082 P.
726 3044 772 3082 G.
799 3044 895 3089 XLI,
920 3046 1012 3089 844;
1040 3045 1088 3081 cf.
1116 3045 1207 3089 LlX,
1233 3046 1314 3081 459.
1415 3044 1442 3088 ⁶)
1472 3044 1530 3081 Cf.
1557 3045 1608 3081 M.
1636 3045 1675 3081 P.
1703 3043 1750 3081 G.
1776 3045 1869 3088 Xlll,
1899 3045 1998 3080 1777.

438 3105 464 3142 ³)
493 3104 551 3141 Cf.
582 3105 630 3145 Ιο.
659 3105 756 3148 ΧΙΧ,
787 3106 852 3146 17;
879 3105 948 3147 20;
975 3105 1032 3139 41.
