2180 3606
99 310 150 352 N.
179 310 248 352 22.

98 2398 150 2441 Ν.
179 2399 248 2441 23.

1133 182 1189 224 54

365 310 561 366 Joannes
603 311 837 366 apostolus
880 310 998 352 filius
1040 310 1122 351 fuit
1163 309 1398 360 Zebedaei,
1438 310 1591 364 Jacobi
1631 312 1776 352 autem
1808 310 1938 353 frater
1955 306 2001 364 ¹).

308 381 451 424 Mater
483 381 580 436 eius
611 382 692 424 fuit
724 380 917 431 Salome,
951 380 1172 422 Zebedaei
1208 391 1317 422 uxor
1333 378 1378 433 ²).
1413 380 1557 422 Artem
1594 381 1876 434 piscatoriam
1909 383 2000 422 tum

310 453 433 506 pater
466 464 566 495 cum
600 452 674 494 filii
710 448 1039 504 exercebant-³).
1075 450 1248 505 Pauper
1281 451 1480 505 profecto
1511 450 1773 493 Zebedaeus
1796 451 2002 502 nonfuit,

310 533 409 564 cum
438 523 736 565 mercenarios
760 522 942 564 haberet
959 518 990 575 ⁴)
1017 522 1058 563 et
1082 533 1192 563 uxor
1214 522 1311 576 eius
1334 518 1511 564 Salome
1535 523 1629 563 suis
1653 521 1818 575 opibus
1838 519 1999 564 Christi

309 594 564 636 tenuitatem
578 593 830 636 sublevaret
846 588 893 646 5).
916 589 1004 634 Sed
1024 594 1158 633 artem
1179 593 1462 645 piscatoriam
1476 592 1634 646 Joanni
1655 602 1834 634 causam
1848 591 2001 642 fuisse,

309 680 398 723 qua
441 669 637 723 pontifici
674 670 805 711 notus
838 669 981 719 fuerit,
1016 668 1197 722 planum
1232 680 1320 710 non
1355 670 1434 710 est.
1470 668 1564 710 Hoc
1598 672 1743 709 tamen
1778 668 2002 710 insinuare

308 739 482 782 videtur
513 739 700 781 Nonnus

309 826 392 863 Par.
414 826 542 870 XVIII,
567 828 635 862 70:
661 826 735 860 καί
762 824 805 860 οἱ
834 822 1222 869 ὀπισθοκὲ).ευθος
1247 821 1436 871 ὁμάρτεε
1466 824 1629 869 τηλόθι
1658 825 1812 868 Σίμων

567 898 636 932 71:
661 897 734 930 καὶ
750 894 850 940 νέος
865 893 1001 940 ἄλλος
1015 892 1202 942 ἑταῖρος,
1220 893 1267 940 ὃς
1294 894 1613 940 ι’χθυβόλου
1639 894 1782 941 παρὰ
1807 893 2003 940 τέχνης

565 968 633 1003 72;
658 965 867 1011 γνωτὸς
894 963 995 1001 ἐὼν
1021 963 1289 1012 ἀρίδηλος
1315 963 1597 1010 ὲθήμονος
1623 962 1917 1012 ἀρχιερῆος

566 1039 634 1074 73;
662 1039 841 1083 Χριστῷ
868 1034 1123 1083 σύνδρομος
1148 1027 1290 1080 ’ἦλθεν
1316 1032 1403 1071 ἔσω
1429 1035 1735 1081 θεοδέγμονος
1761 1032 1910 1081 αὐλῆς.

310 1115 462 1159 Utrum
496 1116 605 1158 haec
640 1117 909 1171 cogitatione
932 1116 1018 1159 sibi
1045 1115 1246 1170 depinxit
1267 1128 1322 1157 an
1347 1115 1506 1157 famam
1532 1127 1672 1157 rerum
1697 1116 1879 1157 secutus
1902 1114 2004 1157 est?

308 1185 353 1230 Si
397 1187 669 1241 discipulum
704 1187 827 1229 illum
858 1186 1072 1241 Joannem
1113 1187 1252 1229 fuisse
1287 1187 1468 1240 putavit,
1503 1187 1617 1228 sicut
1650 1184 1842 1240 Cyrillus
1874 1181 2004 1239 ΑΗ),

308 1246 657 1300 consentaneum
692 1259 770 1308 est,
806 1258 928 1311 quod
961 1257 1168 1311 juvenem
1202 1269 1301 1299 eum
1336 1258 1525 1299 vocavit.
1560 1257 1636 1299 Est
1669 1257 1786 1298 enim
1820 1258 2004 1310 accepta

307 1329 554 1382 antiquitus
584 1329 678 1384 jure
712 1329 867 1383 opini0
897 1328 1111 1383 Joannem
1136 1329 1294 1370 ceteris
1317 1328 1537 1382 apostolis
1559 1328 1778 1382 juniorem
1802 1327 1942 1370 fuisse
1955 1323 2004 1380 ⁷).

308 1399 604 1454 Hieronymus
637 1402 782 1442 autem
816 1399 1001 1442 affirmat
1029 1399 1244 1454 Joannem
1279 1399 1338 1440 ob
1372 1398 1646 1441 nobilitatem
1681 1398 1857 1453 generis
1890 1409 2005 1452 pon-

307 1470 411 1512 tifici
437 1472 588 1512 notum
612 1470 751 1513 fuisse
769 1467 816 1524 8).
841 1470 1039 1512 Thomas
1062 1472 1208 1512 tamen
1227 1469 1450 1523 Aquinas:
1478 1468 1621 1519 „Quia
1639 1468 2004 1523 paterjoannis'',

308 1541 465 1595 inquIt,
501 1541 567 1591 „ei
602 1552 758 1583 servus
791 1542 881 1583 erat
913 1540 982 1582 vel
1016 1541 1181 1594 aliquis
1213 1552 1267 1582 ex
1296 1540 1645 1594 consanguineis
1668 1536 1856 1593 suis''⁹).
1891 1538 2004 1581 Huic

307 1612 552 1654 sententiae
585 1611 772 1653 Nonnus
807 1612 992 1665 propius
1025 1611 1211 1653 accedit.
1243 1610 1352 1652 Nam
1389 1623 1477 1652 non
1510 1612 1597 1652 tam
1623 1609 1846 1664 pontificis
1871 1621 2003 1663 quam

308 1682 452 1737 ipsius
484 1682 673 1724 ancillae
706 1682 1046 1724 familiaritatem
1082 1682 1288 1736 designat

354 1758 435 1794 Par.
461 1758 589 1801 XVIII,
615 1758 682 1794 76:
734 1754 931 1803 ἄνθορεν
957 1753 1005 1791 ἐκ
1029 1755 1244 1803 μεγάροιο
1269 1758 1343 1791 καὶ
1370 1753 1613 1802 ἀμφιπόλῳ
1639 1757 1863 1802 πυλαωρῷ

613 1830 681 1865 77;
732 1818 826 1862 εἶπε
846 1829 921 1863 καὶ
935 1824 1065 1872 ἤγαγε
1081 1826 1269 1874 Πέτρον.
1291 1816 1417 1868 Quae
1435 1817 1598 1860 ancilla
1616 1816 1806 1868 Petrum,
1821 1816 2005 1872 Joannis

308 1890 513 1940 amicum,
538 1901 616 1943 per
637 1890 786 1944 jocum
811 1891 853 1931 et
876 1890 1129 1932 illusionem
1155 1890 1424 1944 interrogare
1447 1899 1556 1931 ausa
1581 1890 1659 1930 est.
1685 1887 1850 1931 Humili
1875 1888 2006 1942 igitur

309 1960 410 2003 loco
443 1960 715 2015 discipulum
750 1960 888 2011 illum,
924 1961 1133 2014 quisquis
1164 1960 1258 2010 fuit,
1291 1962 1439 2002 natum
1464 1971 1564 2002 esse
1588 1959 1796 2001 insinuat.
1820 1958 2004 2009 Tamen,

309 2034 534 2085 utcunque
558 2042 628 2074 res
648 2043 696 2074 se
721 2031 866 2081 habet,
892 2032 1159 2086 piscatorem
1183 2031 1291 2073 satis
1315 2031 1496 2072 divitem
1522 2030 1721 2084 pontifici
1746 2030 1833 2084 ipsi
1851 2031 2004 2072 notum

308 2102 446 2144 fuisse
491 2103 646 2144 mirum
691 2114 779 2144 non
824 2104 903 2144 est.
949 2101 1084 2143 Porro
1128 2101 1341 2155 pontifex,
1376 2102 1445 2143 cui
1481 2100 1732 2155 discipulus
1765 2101 1839 2142 ille
1872 2101 2005 2142 notus

309 2174 411 2223 erat,
456 2184 545 2215 non
586 2172 751 2223 Annas,
795 2172 875 2215 sed
917 2171 1115 2226 Caiphas
1147 2172 1241 2214 fuit.
1276 2170 1479 2226 Quippe:
1520 2179 1688 2226 γνωτὸς
1725 2177 2005 2224 ε’θήμονος

310 2242 596 2300 ὰρχιερῆοςιῦ)
611 2244 815 2298 designat
832 2244 1115 2298 „pontificem
1135 2244 1236 2285 anni
1258 2239 1476 2296 illius'’¹¹).
1497 2241 1584 2285 Sed
1604 2243 1674 2284 hic
1692 2242 1774 2284 fuit
1791 2240 2004 2296 Caiphas.

371 2396 538 2439 Natura
571 2398 612 2439 et
641 2397 820 2451 ingenio
844 2395 1039 2451 Joannes
1062 2396 1259 2438 fervidus
1283 2397 1385 2438 erat.
1410 2393 1712 2445 Quamobrem
1736 2394 1925 2437 Nonnus
1947 2395 2008 2436 ait

363 2551 390 2596 ¹)
418 2552 478 2589 Cf.
504 2553 640 2588 Matth.
669 2553 727 2594 lV,
754 2553 823 2595 21;
850 2554 945 2595 cet.;
974 2552 1092 2588 Marc.
1119 2552 1144 2595 1,
1173 2553 1236 2595 19;
1264 2554 1359 2594 cet.;
1392 2552 1481 2587 Luc.
1509 2551 1553 2595 V,
1582 2552 1646 2593 10;
1669 2552 1726 2597 Jo.
1752 2549 1851 2593 XXI,
1877 2551 1910 2586 2.

361 2609 390 2653 ⁹)
420 2610 477 2647 Cf.
502 2611 639 2647 Matth.
666 2610 749 2654 XX,
775 2613 847 2655 20;
873 2610 1025 2654 XXVII,
1050 2612 1119 2653 56;
1146 2611 1265 2646 Marc.
1292 2609 1373 2653 XV,
1399 2612 1467 2653 41;
1494 2609 1591 2653 XVI,
1621 2612 1650 2645 l.

361 2668 390 2713 ⁸)
419 2669 477 2706 Cf.
502 2670 640 2706 Matth.
668 2670 728 2712 lV,
753 2672 822 2712 21;
850 2670 969 2706 Marc.
997 2671 1020 2713 1,
1049 2671 1113 2712 19;
1137 2671 1194 2716 Jo.
1220 2668 1318 2712 XXI,
1344 2670 1365 2705 2
1391 2679 1488 2714 sqq..

356 2729 388 2770 ⁴)
416 2728 475 2764 Cf.
500 2729 619 2764 Marc.
647 2729 671 2771 1,
696 2730 754 2765 20.

361 2784 390 2827 ⁸)
418 2786 476 2823 Cf.
503 2788 640 2823 Matth.
666 2786 820 2830 XXVII,
845 2789 892 2824 55
917 2798 998 2832 sq.;
1025 2788 1145 2823 Marc.
1171 2785 1254 2831 XV,
1280 2788 1326 2823 40
1351 2797 1433 2832 sq.;
1461 2787 1550 2822 Luc.
1578 2785 1670 2828 Vlll,
1696 2786 1718 2821 2
1744 2795 1814 2830 sq..

362 2843 390 2888 ⁸)
419 2845 476 2882 Cf.
503 2846 555 2881 M.
583 2845 622 2882 P.
650 2844 696 2882 G.
724 2845 888 2890 LXXIV,
915 2847 1007 2889 596;
1038 2846 1087 2881 cf.
1114 2845 1252 2891 Chrys.
1277 2846 1329 2881 Μ.
1356 2845 1395 2881 P.
1423 2845 1469 2882 G.
1497 2843 1588 2888 LIX,
1613 2845 1693 2880 449.

363 2902 390 2946 ⁷)
417 2903 476 2940 Cf.
503 2904 603 2940 Hier.
630 2905 681 2940 M.
709 2904 749 2940 P.
777 2905 814 2940 L.
840 2903 973 2949 XXIII,
998 2905 1068 2941 246
1094 2915 1175 2949 sq.;
1203 2904 1350 2940 Paulin.
1378 2905 1462 2940 Nol.
1490 2904 1542 2939 M.
1568 2903 1608 2939 P.
1635 2903 1674 2939 L.
1701 2902 1791 2946 LXI,
1817 2904 1898 2939 416.

361 2960 391 3005 ³)
419 2962 477 2999 Cf.
504 2964 556 3000 M.
583 2963 623 3000 P.
651 2964 688 3000 L.
715 2962 830 3007 XXII,
859 2965 960 3008 1090,
988 2965 1088 3000 Hier.
1116 2964 1241 3009 Epith.
1269 2964 1475 3006 Marcellae,
1503 2973 1538 2999 n.
1563 2964 1596 2999 5.

363 3020 392 3064 9)
420 3021 457 3058 S.
483 3022 622 3058 Thom.
650 3022 721 3066 Aq.
749 3023 785 3058 in
809 3023 865 3068 Jo.
893 3021 1024 3066 XVlll,
1050 3025 1082 3058 4.

346 3079 391 3123 ¹⁰)
419 3080 502 3116 Par.
528 3079 658 3124 XVlll,
683 3082 741 3116 72.
1195 3079 1241 3125 ¹¹)
1264 3082 1321 3128 Jo.
1348 3080 1479 3123 XVlll,
1508 3081 1560 3116 13.
