2180 3606
975 195 1056 238 145

167 322 491 365 circumscribit
512 327 595 364 Par.
620 326 718 371 XVI,
748 329 812 363 127
826 338 903 372 sq.:
930 324 1046 362 ἀλλὰ
1071 326 1289 372 καμόντες
1322 326 1637 374 θαρσαλέοι
1661 329 1856 374 γίνεσθε.

168 391 371 434 Attamen
404 393 584 435 verbum
618 400 789 448 θράσος
811 393 963 435 vitium
988 393 1192 448 designat
1214 399 1281 443 Ep.
1301 398 1412 434 Bam.
1430 396 1530 441 X1X,
1547 399 1592 434 3:
1617 393 1672 431 οὐ
1697 395 1857 441 δώσεις

170 474 222 516 τῇ
254 475 376 517 ψυχῇ
402 481 484 507 σου
515 470 739 519 θράσος,
777 473 844 517 Ερ.
871 474 882 509 1
910 473 1030 510 Clem.
1056 473 1176 518 XXX,
1201 475 1246 510 8:
1282 471 1495 519 θράσος
1526 472 1602 507 καὶ
1627 467 1856 506 αὐθάδεια

166 541 243 575 καὶ
268 539 414 585 τόλμα
439 545 532 586 τοῖς
556 539 878 588 κατηραμένοις
903 537 987 577 ὑπὸ
1013 545 1094 577 τοῦ
1120 544 1249 577 θεοῦ.

229 611 317 656 Sed
349 615 504 657 ordine
536 615 681 657 dicam
714 615 770 657 de
803 615 928 666 locis,
962 616 1128 670 quibus
1160 626 1295 658 voces
1327 621 1500 671 θρασύς
1532 616 1613 658 cet.
1647 615 1691 657 in
1725 613 1857 657 Para-

170 685 318 739 phrasi
339 687 586 737 occurrunt,
609 686 808 739 exceptis
832 686 899 736 iis,
920 686 1085 739 quibus
1104 686 1157 728 de
1176 685 1306 728 Petro
1324 686 1487 740 agitur;
1508 686 1643 739 idque
1666 685 1855 740 primum

170 755 224 797 de
247 755 336 797 illis
358 754 606 807 vocabulis,
630 757 849 809 quatenus
871 757 959 797 vim
982 756 1166 807 „audax,
1187 755 1452 810 impudens'’
1473 756 1675 806 habeant,
1693 754 1855 797 deinde

170 825 224 868 de
258 825 415 868 iisdem
450 826 493 867 in
526 826 689 868 bonam
723 828 890 880 partem
923 827 1134 881 acceptis.
1166 826 1243 869 Vis
1275 828 1420 869 autem
1443 826 1627 869 audacis
1651 826 1764 868 inest
1786 826 1856 868 his

169 896 395 938 versibus:

216 977 299 1014 Par.
326 978 349 1021 1,
375 979 443 1014 73:
492 977 565 1011 καὶ
590 978 665 1023 θρ
681 974 825 1021 ασὺς
850 973 1029 1021 ἑσμὸς
1055 972 1199 1012 ἔειπεν
1225 974 1541 1012 ἀνιπτοπόδων
1567 973 1740 1023 ἱερὴων,

169 1049 243 1092 ubi
277 1050 420 1104 agitur
451 1049 506 1092 de
539 1049 848 1092 sacerdotibus
875 1049 1090 1104 Joannem
1123 1049 1368 1103 Baptistam
1398 1049 1647 1103 importune
1671 1049 1856 1090 interro-

168 1120 401 1175 gantibus;

215 1200 297 1237 Par.
324 1201 400 1244 VII,
429 1201 493 1237 18:
543 1196 776 1243 ἀμφαδίην
803 1194 1005 1234 δ’ἐθέλει
1029 1200 1105 1243 θρ
1121 1197 1264 1243 ασὺς
1290 1193 1493 1241 ἔμμεναι,

168 1283 260 1326 quo
291 1271 444 1314 fratres
478 1269 702 1315 Christum
736 1272 1010 1326 vituperant;

215 1353 298 1389 Par.
324 1353 400 1395 VII,
429 1353 515 1388 177:
564 1352 639 1385 καὶ
663 1349 877 1397 θρασὺς
902 1341 1024 1385 εἶπεν
1049 1346 1249 1394 ὅμιλος
1274 1346 1506 1394 ἀκηλήτων
1533 1349 1806 1396 Φαρισαίων,

167 1425 338 1479 quippe
376 1425 451 1478 qui
485 1424 725 1475 ministros,
759 1425 994 1478 propterea
1027 1423 1150 1477 quod
1184 1421 1408 1466 Christum
1442 1435 1531 1464 non
1564 1421 1856 1472 adduxerunt,

166 1494 492 1549 reprehendant
505 1507 515 1546 ;

213 1574 295 1610 Par.
323 1575 415 1618 VIII,
439 1576 507 1612 43:
556 1574 631 1609 καὶ
656 1571 870 1620 θράσὺς
889 1568 1154 1620 Ἐβραίων
1177 1573 1422 1616 κυμαίνετο
1448 1571 1580 1617 λαὸς
1605 1568 1795 1612 ἀκούων,

213 1645 296 1682 Par.
311 1645 509 1689 VIII,113:
558 1645 632 1680 καὶ
657 1642 868 1691 θρασὺς
887 1639 1151 1691 Ἐβραίων
1176 1642 1311 1679 πάλιν
1329 1638 1482 1679 ἔννεπε
1509 1641 1639 1687 λαός
1665 1638 1856 1682 ἀκούων,

213 1716 296 1753 Par.
311 1716 404 1760 VIII,
421 1718 508 1753 141:
557 1716 632 1750 καὶ
657 1713 867 1762 θρασὺς
886 1710 1155 1762 Ἐβραίων
1180 1711 1463 1759 ἑπεπάφλασε
1488 1712 1622 1758 λαὸς
1642 1709 1832 1753 ἁκούων,

165 1799 266 1830 cum
300 1788 489 1831 Hebraei
523 1789 738 1843 indignati
774 1801 873 1831 cum
908 1786 1085 1832 Christo
1118 1788 1268 1831 verbis
1301 1787 1576 1842 disceptant;

213 1868 295 1905 Par.
322 1869 451 1913 XVIII,
476 1871 521 1906 8:
570 1869 645 1904 καὶ
670 1867 882 1915 θρασὺς
907 1865 1012 1914 ᾔδεε
1036 1871 1157 1903 κεῖνο
1184 1865 1445 1912 φυτηκόμον
1468 1864 1602 1911 ἄλσος
1622 1861 1855 1910 Ἰούδας,

213 1939 296 1976 Par.
311 1940 439 1983 XVIII,
453 1941 493 1976 31
512 1951 521 1976 :
570 1939 644 1974 καὶ
669 1937 882 1985 θρασὺς
907 1935 1149 1983 ἀντιβίοισι
1166 1937 1412 1984 παρίστατο
1434 1935 1607 1981 πομπὸς
1628 1932 1855 1980 Ἰούδας,

166 2012 241 2054 ubi
271 2011 408 2066 Judas
441 2011 671 2054 Iscariotes
704 2009 928 2055 Christum
962 2011 1141 2054 tradens
1174 2011 1419 2062 inducitur;

213 2092 296 2129 Par.
323 2093 452 2137 XVIII,
476 2093 544 2129 64:
595 2089 780 2137 Καϊάφα
804 2090 887 2138 γὰρ
913 2087 988 2137 ἔην
1014 2087 1228 2138 ἑκυρὸς
1261 2086 1506 2137 θρασύς,
1556 2080 1582 2122 I.
1621 2091 1658 2122 e.
1705 2079 1856 2123 Annas

166 2159 388 2214 pontifex;

213 2234 296 2271 Par.
322 2234 451 2278 XVIII,
479 2235 567 2271 109:
617 2231 657 2268 εἰ
681 2235 756 2280 θρ
771 2231 914 2278 ασὺς
938 2229 1143 2278 ὡμίλησα
1168 2235 1312 2276 κακῶς
1338 2228 1572 2278 ἀεσίφρονι
1597 2232 1749 2277 θυμῷ,

166 2312 256 2355 quo
290 2301 665 2343 circumscribitur
692 2305 749 2352 Jo.
775 2305 905 2348 ΧνΙΙΙ,
930 2306 999 2341 23;
1048 2301 1088 2338 εἰ
1113 2306 1257 2347 κακῶς
1282 2298 1491 2346 ἐλάλησα,

213 2381 296 2418 Par.
321 2380 452 2425 XVIII,
480 2383 567 2418 153:
594 2381 668 2416 καὶ
693 2378 906 2427 θρασὺς
932 2376 1097 2424 ἑσμὸς
1123 2374 1254 2418 ἔειπε,
1289 2369 1362 2410 ubi
1393 2367 1548 2422 Judaei
1583 2367 1645 2409 ira
1677 2366 1855 2409 accensi

166 2441 308 2484 Pilato
341 2442 614 2496 respondent
645 2442 731 2485 sibi
766 2454 853 2484 non
888 2442 1020 2484 licere
1053 2442 1247 2495 aliquem
1282 2440 1419 2481 morte
1453 2438 1658 2489 multare;

213 2523 297 2559 Par.
323 2523 405 2566 XX,
433 2524 521 2560 107:
1040 2516 1143 2555 ὸδὲ
1168 2517 1365 2566 θρασὺ
1390 2519 1598 2562 χεῖλος
1623 2513 1803 2561 ἀνοίξας

427 2595 516 2630 108:
566 2588 719 2628 ἔννεπε
756 2594 912 2636 μῦθον
950 2589 1137 2627 ἄπιστον
1185 2583 1281 2631 cet.,
1329 2580 1384 2622 de
1431 2578 1605 2621 Thoma
1647 2577 1855 2633 Didymo,

167 2651 390 2697 Christum
424 2654 660 2709 discipulis
693 2655 955 2708 apparuisse
989 2653 1137 2694 vivum
1172 2652 1385 2705 negante;

214 2734 297 2770 Par.
323 2735 421 2779 XIX,
445 2736 513 2771 68:
563 2735 638 2769 καὶ
665 2732 860 2778 Πιλάτος
885 2735 959 2779 θρ
975 2729 1266 2777 ασύεργος
1292 2725 1358 2765 ἐπ’
1388 2726 1586 2774 εὐλάιγγι
1612 2727 1777 2775 θοώκῳ

440 2805 508 2841 69:
552 2800 773 2851 Ἑβραίοις
810 2800 1007 2848 ἐβόησεν,
1051 2804 1141 2846 quo
1186 2791 1354 2833 Pilatus
1392 2790 1572 2845 judaeis
1615 2788 1857 2845 respondet

163 2864 220 2910 Jo.
246 2862 345 2906 XIX,
374 2864 439 2899 15:
489 2860 559 2897 ἴδε
586 2860 610 2897 ὁ
637 2860 845 2907 βασιλεὺς
871 2857 1012 2905 ὑμῶν,

231 2934 313 2969 Par.
341 2934 416 2977 VII,
441 2935 509 2970 27:
959 2928 1038 2975 ἐμὲ
1065 2929 1117 2965 δὲ
1143 2928 1315 2974 στυγέει
1340 2929 1414 2964 καὶ
1441 2925 1620 2964 ἐλαύνει

441 3005 509 3041 28;
558 3001 866 3050 θαρσήεις,
900 3004 962 3035 sc.
997 2992 1190 3034 mundus
1222 2991 1368 3033 audax
1400 2989 1623 3034 Christum
1650 2988 1756 3031 odit.

168 3063 326 3107 Verum
359 3065 563 3107 homines
597 3065 726 3107 laude
761 3064 921 3119 dignos
954 3074 1139 3118 θρασεῖς
1172 3063 1301 3104 vocat

1673 3142 1716 3177 10
