<?xml version="1.0" encoding="UTF-8"?>
<!DOCTYPE html PUBLIC "-//W3C//DTD XHTML 1.0 Transitional//EN"
    "http://www.w3.org/TR/xhtml1/DTD/xhtml1-transitional.dtd">
<html xmlns="http://www.w3.org/1999/xhtml" xml:lang="en" lang="en">
 <head>
  <title>
</title>
<meta http-equiv="Content-Type" content="text/html;charset=utf-8" />
  <meta name='ocr-system' content='tesseract 3.04.00' />
  <meta name='ocr-capabilities' content='ocr_page ocr_carea ocr_par ocr_line ocrx_word'/>
</head>
<body>
  <div class='ocr_page' id='page_1' title='image "./quaestionesnonni00preluoft_0160.png"; bbox 0 0 2180 3606; ppageno 0'>
   <div class='ocr_carea' id='block_1_1' title="bbox 1119 192 1200 235">
    <p class='ocr_par' dir='ltr' id='par_1_1' title="bbox 1119 192 1200 235">
     <span class='ocr_line' id='line_1_1' title="bbox 1119 192 1200 235; baseline -0.012 0"><span class='ocrx_word' id='word_1_1' title='bbox 1119 192 1200 235; x_wconf 84' lang='lat'>142</span> 
     </span>
    </p>
   </div>
   <div class='ocr_carea' id='block_1_2' title="bbox 307 320 2000 645">
    <p class='ocr_par' dir='ltr' id='par_1_2' title="bbox 307 320 2000 645">
     <span class='ocr_line' id='line_1_2' title="bbox 308 320 2000 377; baseline -0.002 -13"><span class='ocrx_word' id='word_1_2' title='bbox 308 323 362 365; x_wconf 90' lang='lat' dir='ltr'>de</span> <span class='ocrx_word' id='word_1_3' title='bbox 411 324 757 377; x_wconf 83' lang='lat' dir='ltr'><strong>quibuscunque</strong></span> <span class='ocrx_word' id='word_1_4' title='bbox 803 322 1002 376; x_wconf 84' lang='lat' dir='ltr'>cujusvis</span> <span class='ocrx_word' id='word_1_5' title='bbox 1046 322 1104 363; x_wconf 91' lang='lat' dir='ltr'>rei</span> <span class='ocrx_word' id='word_1_6' title='bbox 1149 321 1354 372; x_wconf 88' lang='lat' dir='ltr'>ducibus,</span> <span class='ocrx_word' id='word_1_7' title='bbox 1399 324 1444 364; x_wconf 90' lang='lat' dir='ltr'>ut</span> <span class='ocrx_word' id='word_1_8' title='bbox 1485 326 1525 362; x_wconf 85' lang='lat'>11.</span> <span class='ocrx_word' id='word_1_9' title='bbox 1560 326 1583 370; x_wconf 87' lang='lat'>1,</span> <span class='ocrx_word' id='word_1_10' title='bbox 1617 327 1662 362; x_wconf 88' lang='lat'>7:</span> <span class='ocrx_word' id='word_1_11' title='bbox 1698 320 1918 372; x_wconf 72' lang='grc' dir='ltr'><em>Ἀτρεΐδης</em></span> <span class='ocrx_word' id='word_1_12' title='bbox 1951 337 2000 361; x_wconf 78' lang='grc' dir='ltr'>τε</span> 
     </span>
     <span class='ocr_line' id='line_1_3' title="bbox 307 386 1519 438; baseline -0.001 -12"><span class='ocrx_word' id='word_1_13' title='bbox 307 388 417 437; x_wconf 76' lang='grc' dir='ltr'><em>ἅναξ</em></span> <span class='ocrx_word' id='word_1_14' title='bbox 444 388 635 438; x_wconf 75' lang='grc' dir='ltr'><em>ἀνδρῶν,</em></span> <span class='ocrx_word' id='word_1_15' title='bbox 664 391 736 428; x_wconf 93' lang='lat' dir='ltr'>Od.</span> <span class='ocrx_word' id='word_1_16' title='bbox 764 392 788 435; x_wconf 90' lang='lat' dir='ltr'>I,</span> <span class='ocrx_word' id='word_1_17' title='bbox 814 392 905 427; x_wconf 85' lang='lat'><strong>397:</strong></span> <span class='ocrx_word' id='word_1_18' title='bbox 933 387 1076 424; x_wconf 82' lang='grc' dir='ltr'><em>οἴκοιο</em></span> <span class='ocrx_word' id='word_1_19' title='bbox 1102 386 1213 434; x_wconf 72' lang='grc' dir='ltr'><em>ἅναξ</em></span> <span class='ocrx_word' id='word_1_20' title='bbox 1238 391 1312 424; x_wconf 83' lang='grc' dir='ltr'><em>καὶ</em></span> <span class='ocrx_word' id='word_1_21' title='bbox 1339 388 1519 433; x_wconf 87' lang='grc' dir='ltr'><em>δμώων,</em></span> 
     </span>
     <span class='ocr_line' id='line_1_4' title="bbox 353 455 1768 507; baseline -0.004 -7"><span class='ocrx_word' id='word_1_22' title='bbox 353 463 425 500; x_wconf 90' lang='lat' dir='ltr'>Od.</span> <span class='ocrx_word' id='word_1_23' title='bbox 452 464 533 507; x_wconf 93' lang='lat' dir='ltr'>XX,</span> <span class='ocrx_word' id='word_1_24' title='bbox 563 464 650 499; x_wconf 85' lang='lat'>194:</span> <span class='ocrx_word' id='word_1_25' title='bbox 1031 455 1147 495; x_wconf 75' lang='grc' dir='ltr'><em>ἔοικε</em></span> <span class='ocrx_word' id='word_1_26' title='bbox 1174 458 1315 505; x_wconf 79' lang='grc' dir='ltr'><em>δέμας</em></span> <span class='ocrx_word' id='word_1_27' title='bbox 1339 462 1518 505; x_wconf 79' lang='grc' dir='ltr'><em>βασιλῆι</em></span> <span class='ocrx_word' id='word_1_28' title='bbox 1545 458 1702 496; x_wconf 76' lang='grc' dir='ltr'><em>ἄνακτι</em></span> <span class='ocrx_word' id='word_1_29' title='bbox 1726 460 1768 506; x_wconf 86' lang='lat'>¹)·</span> 
     </span>
     <span class='ocr_line' id='line_1_5' title="bbox 558 528 1841 578; baseline 0.001 -13"><span class='ocrx_word' id='word_1_30' title='bbox 558 534 646 569; x_wconf 87' lang='lat'>195:</span> <span class='ocrx_word' id='word_1_31' title='bbox 698 528 813 566; x_wconf 79' lang='grc' dir='ltr'><strong><em>ἀλλὰ</em></strong></span> <span class='ocrx_word' id='word_1_32' title='bbox 840 531 944 566; x_wconf 75' lang='grc' dir='ltr'><em>θεοὶ</em></span> <span class='ocrx_word' id='word_1_33' title='bbox 971 529 1141 566; x_wconf 84' lang='grc' dir='ltr'><em>δυόωσι</em></span> <span class='ocrx_word' id='word_1_34' title='bbox 1167 530 1533 576; x_wconf 78' lang='grc' dir='ltr'><strong><em>πολυπλάγκτους</em></strong></span> <span class='ocrx_word' id='word_1_35' title='bbox 1559 528 1841 578; x_wconf 75' lang='grc' dir='ltr'><strong><em>ἀνθρώπους,</em></strong></span> 
     </span>
     <span class='ocr_line' id='line_1_6' title="bbox 558 597 1778 645; baseline -0.002 -6"><span class='ocrx_word' id='word_1_36' title='bbox 558 604 646 639; x_wconf 86' lang='lat'>196:</span> <span class='ocrx_word' id='word_1_37' title='bbox 697 597 862 636; x_wconf 80' lang='grc' dir='ltr'><strong><em>ὁππότε</em></strong></span> <span class='ocrx_word' id='word_1_38' title='bbox 888 601 963 636; x_wconf 82' lang='grc' dir='ltr'><em>καὶ</em></span> <span class='ocrx_word' id='word_1_39' title='bbox 989 602 1249 645; x_wconf 82' lang='grc' dir='ltr'><em>βασιλεῦσιν</em></span> <span class='ocrx_word' id='word_1_40' title='bbox 1276 597 1610 637; x_wconf 78' lang='grc' dir='ltr'>ἐπικλώσωνται</span> <span class='ocrx_word' id='word_1_41' title='bbox 1641 598 1778 644; x_wconf 78' lang='grc' dir='ltr'><em>ὀιζύν.</em></span> 
     </span>
    </p>
   </div>
   <div class='ocr_carea' id='block_1_3' title="bbox 296 674 2002 2747">
    <p class='ocr_par' dir='ltr' id='par_1_3' title="bbox 297 674 2002 2596">
     <span class='ocr_line' id='line_1_7' title="bbox 305 674 2001 729; baseline -0.001 -10"><span class='ocrx_word' id='word_1_42' title='bbox 305 676 495 719; x_wconf 83' lang='lat' dir='ltr'>Easdem</span> <span class='ocrx_word' id='word_1_43' title='bbox 544 674 898 729; x_wconf 81' lang='lat' dir='ltr'>significationes</span> <span class='ocrx_word' id='word_1_44' title='bbox 946 676 1105 728; x_wconf 75' lang='lat' dir='ltr'>poetae</span> <span class='ocrx_word' id='word_1_45' title='bbox 1152 675 1305 729; x_wconf 81' lang='lat' dir='ltr'>tragici</span> <span class='ocrx_word' id='word_1_46' title='bbox 1355 675 1457 716; x_wconf 86' lang='lat' dir='ltr'>huic</span> <span class='ocrx_word' id='word_1_47' title='bbox 1501 675 1601 717; x_wconf 92' lang='lat' dir='ltr'>voci</span> <span class='ocrx_word' id='word_1_48' title='bbox 1645 675 1900 726; x_wconf 87' lang='lat' dir='ltr'>attribuunt,</span> <span class='ocrx_word' id='word_1_49' title='bbox 1955 677 2001 718; x_wconf 91' lang='lat' dir='ltr'>ut</span> 
     </span>
     <span class='ocr_line' id='line_1_8' title="bbox 304 744 1998 800; baseline -0.003 -7"><span class='ocrx_word' id='word_1_50' title='bbox 304 758 444 793; x_wconf 83' lang='lat' dir='ltr'>Aesch.</span> <span class='ocrx_word' id='word_1_51' title='bbox 471 756 575 792; x_wconf 79' lang='lat' dir='ltr'>Pers.</span> <span class='ocrx_word' id='word_1_52' title='bbox 600 756 692 791; x_wconf 84' lang='lat'>383:</span> <span class='ocrx_word' id='word_1_53' title='bbox 718 757 840 789; x_wconf 81' lang='grc' dir='ltr'><em>ναῶν</em></span> <span class='ocrx_word' id='word_1_54' title='bbox 866 750 1064 799; x_wconf 72' lang='grc' dir='ltr'><em>ἄνακτες.</em></span> <span class='ocrx_word' id='word_1_55' title='bbox 1098 745 1226 800; x_wconf 81' lang='lat' dir='ltr'>Ergo,</span> <span class='ocrx_word' id='word_1_56' title='bbox 1261 757 1531 799; x_wconf 88' lang='lat' dir='ltr'>quamquam</span> <span class='ocrx_word' id='word_1_57' title='bbox 1561 746 1603 787; x_wconf 92' lang='lat' dir='ltr'>in</span> <span class='ocrx_word' id='word_1_58' title='bbox 1628 744 1914 800; x_wconf 92' lang='lat' dir='ltr'>Dionysiacis</span> <span class='ocrx_word' id='word_1_59' title='bbox 1936 746 1998 788; x_wconf 89' lang='lat' dir='ltr'>dii</span> 
     </span>
     <span class='ocr_line' id='line_1_9' title="bbox 303 815 2002 871; baseline -0.003 -12"><span class='ocrx_word' id='word_1_60' title='bbox 303 816 585 871; x_wconf 77' lang='lat' dir='ltr'><strong>appellantur</strong></span> <span class='ocrx_word' id='word_1_61' title='bbox 627 816 825 863; x_wconf 75' lang='grc' dir='ltr'><em>ἄνακτες,</em></span> <span class='ocrx_word' id='word_1_62' title='bbox 870 817 915 856; x_wconf 82' lang='lat' dir='ltr'>ut</span> <span class='ocrx_word' id='word_1_63' title='bbox 958 819 1071 856; x_wconf 90' lang='lat' dir='ltr'>Dion.</span> <span class='ocrx_word' id='word_1_64' title='bbox 1107 820 1146 863; x_wconf 90' lang='lat' dir='ltr'>Il,</span> <span class='ocrx_word' id='word_1_65' title='bbox 1176 820 1268 856; x_wconf 87' lang='lat'>209:</span> <span class='ocrx_word' id='word_1_66' title='bbox 1296 820 1382 853; x_wconf 89' lang='grc' dir='ltr'><em>Ζεῦ</em></span> <span class='ocrx_word' id='word_1_67' title='bbox 1410 815 1508 858; x_wconf 77' lang='grc' dir='ltr'><em>ἄνα,</em></span> <span class='ocrx_word' id='word_1_68' title='bbox 1536 820 1695 863; x_wconf 91' lang='lat' dir='ltr'><strong>XLVIII,</strong></span> <span class='ocrx_word' id='word_1_69' title='bbox 1721 820 1789 856; x_wconf 87' lang='lat'>82:</span> <span class='ocrx_word' id='word_1_70' title='bbox 1828 817 2002 864; x_wconf 82' lang='grc' dir='ltr'><strong><em>Βάκχος</em></strong></span> 
     </span>
     <span class='ocr_line' id='line_1_10' title="bbox 304 880 2002 941; baseline -0.002 -10"><span class='ocrx_word' id='word_1_71' title='bbox 304 894 427 941; x_wconf 72' lang='grc' dir='ltr'><em>ἄναξ,</em></span> <span class='ocrx_word' id='word_1_72' title='bbox 455 897 542 933; x_wconf 84' lang='grc'>231;</span> <span class='ocrx_word' id='word_1_73' title='bbox 579 892 689 940; x_wconf 73' lang='grc' dir='ltr'><em>ἄναξ</em></span> <span class='ocrx_word' id='word_1_74' title='bbox 715 892 954 940; x_wconf 72' lang='grc' dir='ltr'>ἐναγώνιος</span> <span class='ocrx_word' id='word_1_75' title='bbox 975 890 1146 941; x_wconf 81' lang='grc' dir='ltr'><em>Ἑρμῆς,</em></span> <span class='ocrx_word' id='word_1_76' title='bbox 1182 886 1271 927; x_wconf 90' lang='lat' dir='ltr'>imo</span> <span class='ocrx_word' id='word_1_77' title='bbox 1305 886 1348 927; x_wconf 90' lang='lat' dir='ltr'>in</span> <span class='ocrx_word' id='word_1_78' title='bbox 1382 884 1645 939; x_wconf 86' lang='lat' dir='ltr'>Paraphrasi</span> <span class='ocrx_word' id='word_1_79' title='bbox 1681 880 1790 928; x_wconf 72' lang='grc' dir='ltr'><em>ἄναξ</em></span> <span class='ocrx_word' id='word_1_80' title='bbox 1823 897 2002 941; x_wconf 86' lang='lat' dir='ltr'>semper</span> 
     </span>
     <span class='ocr_line' id='line_1_11' title="bbox 302 955 1999 1010; baseline 0.001 -11"><span class='ocrx_word' id='word_1_81' title='bbox 302 957 390 1000; x_wconf 86' lang='lat' dir='ltr'>fere</span> <span class='ocrx_word' id='word_1_82' title='bbox 435 956 490 999; x_wconf 89' lang='lat' dir='ltr'>de</span> <span class='ocrx_word' id='word_1_83' title='bbox 533 955 712 1000; x_wconf 89' lang='lat' dir='ltr'>Christo</span> <span class='ocrx_word' id='word_1_84' title='bbox 755 957 928 1007; x_wconf 89' lang='lat' dir='ltr'>dicitur,</span> <span class='ocrx_word' id='word_1_85' title='bbox 967 959 1113 998; x_wconf 89' lang='lat' dir='ltr'>tamen</span> <span class='ocrx_word' id='word_1_86' title='bbox 1148 956 1233 998; x_wconf 91' lang='lat' dir='ltr'>hoc</span> <span class='ocrx_word' id='word_1_87' title='bbox 1267 957 1525 1010; x_wconf 85' lang='lat' dir='ltr'>epithethon</span> <span class='ocrx_word' id='word_1_88' title='bbox 1560 955 1658 998; x_wconf 90' lang='lat' dir='ltr'>Deo</span> <span class='ocrx_word' id='word_1_89' title='bbox 1691 956 1999 1000; x_wconf 90' lang='lat' dir='ltr'>tantummodo</span> 
     </span>
     <span class='ocr_line' id='line_1_12' title="bbox 303 1027 1997 1082; baseline 0.001 -13"><span class='ocrx_word' id='word_1_90' title='bbox 303 1028 346 1069; x_wconf 95' lang='lat' dir='ltr'>in</span> <span class='ocrx_word' id='word_1_91' title='bbox 390 1027 653 1081; x_wconf 88' lang='lat' dir='ltr'>Paraphrasi</span> <span class='ocrx_word' id='word_1_92' title='bbox 698 1028 874 1070; x_wconf 82' lang='lat' dir='ltr'>attribui</span> <span class='ocrx_word' id='word_1_93' title='bbox 919 1039 1056 1082; x_wconf 85' lang='lat' dir='ltr'>posse</span> <span class='ocrx_word' id='word_1_94' title='bbox 1096 1039 1118 1069; x_wconf 94' lang='lat' dir='ltr'>e</span> <span class='ocrx_word' id='word_1_95' title='bbox 1152 1027 1332 1081; x_wconf 92' lang='lat' dir='ltr'>propria</span> <span class='ocrx_word' id='word_1_96' title='bbox 1364 1027 1491 1069; x_wconf 91' lang='lat' dir='ltr'>vocis</span> <span class='ocrx_word' id='word_1_97' title='bbox 1524 1027 1851 1082; x_wconf 84' lang='lat' dir='ltr'>significatione</span> <span class='ocrx_word' id='word_1_98' title='bbox 1884 1027 1997 1070; x_wconf 77' lang='lat' dir='ltr'>effici</span> 
     </span>
     <span class='ocr_line' id='line_1_13' title="bbox 303 1096 2000 1153; baseline 0.001 -13"><span class='ocrx_word' id='word_1_99' title='bbox 303 1099 470 1152; x_wconf 87' lang='lat' dir='ltr'>nequit,</span> <span class='ocrx_word' id='word_1_100' title='bbox 514 1099 773 1152; x_wconf 88' lang='lat' dir='ltr'>praesertim</span> <span class='ocrx_word' id='word_1_101' title='bbox 818 1110 917 1140; x_wconf 87' lang='lat' dir='ltr'>cum</span> <span class='ocrx_word' id='word_1_102' title='bbox 962 1099 1005 1140; x_wconf 93' lang='lat' dir='ltr'>in</span> <span class='ocrx_word' id='word_1_103' title='bbox 1049 1096 1312 1152; x_wconf 85' lang='lat' dir='ltr'>Paraphrasi</span> <span class='ocrx_word' id='word_1_104' title='bbox 1357 1104 1480 1152; x_wconf 71' lang='grc' dir='ltr'><em>ἄναξ,</em></span> <span class='ocrx_word' id='word_1_105' title='bbox 1515 1109 1605 1152; x_wconf 91' lang='lat' dir='ltr'>quo</span> <span class='ocrx_word' id='word_1_106' title='bbox 1637 1098 1861 1140; x_wconf 88' lang='lat' dir='ltr'>vocabulo</span> <span class='ocrx_word' id='word_1_107' title='bbox 1894 1110 2000 1153; x_wconf 91' lang='lat' dir='ltr'>sep-</span> 
     </span>
     <span class='ocr_line' id='line_1_14' title="bbox 301 1168 2001 1224; baseline 0.001 -13"><span class='ocrx_word' id='word_1_108' title='bbox 301 1170 474 1224; x_wconf 90' lang='lat' dir='ltr'>tuagies</span> <span class='ocrx_word' id='word_1_109' title='bbox 507 1171 663 1223; x_wconf 86' lang='lat' dir='ltr'>quater</span> <span class='ocrx_word' id='word_1_110' title='bbox 694 1169 882 1212; x_wconf 92' lang='lat' dir='ltr'>Nonnus</span> <span class='ocrx_word' id='word_1_111' title='bbox 917 1170 1062 1221; x_wconf 87' lang='lat' dir='ltr'>utitur,</span> <span class='ocrx_word' id='word_1_112' title='bbox 1095 1169 1336 1223; x_wconf 83' lang='lat' dir='ltr'>aliquoties</span> <span class='ocrx_word' id='word_1_113' title='bbox 1370 1170 1541 1211; x_wconf 90' lang='lat' dir='ltr'>dicatur</span> <span class='ocrx_word' id='word_1_114' title='bbox 1574 1168 1628 1211; x_wconf 94' lang='lat' dir='ltr'>de</span> <span class='ocrx_word' id='word_1_115' title='bbox 1659 1170 1931 1222; x_wconf 87' lang='lat' dir='ltr'>hominibus,</span> <span class='ocrx_word' id='word_1_116' title='bbox 1955 1172 2001 1212; x_wconf 92' lang='lat' dir='ltr'>ut</span> 
     </span>
     <span class='ocr_line' id='line_1_15' title="bbox 349 1245 1559 1296; baseline -0.002 -9"><span class='ocrx_word' id='word_1_117' title='bbox 349 1250 432 1287; x_wconf 83' lang='lat' dir='ltr'>Par.</span> <span class='ocrx_word' id='word_1_118' title='bbox 459 1250 552 1294; x_wconf 92' lang='lat' dir='ltr'><strong>XIII,</strong></span> <span class='ocrx_word' id='word_1_119' title='bbox 579 1252 647 1287; x_wconf 90' lang='lat'>74:</span> <span class='ocrx_word' id='word_1_120' title='bbox 698 1246 753 1284; x_wconf 83' lang='grc' dir='ltr'>οὐ</span> <span class='ocrx_word' id='word_1_121' title='bbox 778 1248 884 1285; x_wconf 79' lang='grc' dir='ltr'><em>πέλε</em></span> <span class='ocrx_word' id='word_1_122' title='bbox 910 1248 1064 1296; x_wconf 80' lang='grc' dir='ltr'>λάτρις</span> <span class='ocrx_word' id='word_1_123' title='bbox 1092 1247 1281 1294; x_wconf 75' lang='grc' dir='ltr'><em>ἄνακτος</em></span> <span class='ocrx_word' id='word_1_124' title='bbox 1307 1245 1559 1296; x_wconf 78' lang='grc' dir='ltr'><em>ὑπέρτερος,</em></span> 
     </span>
     <span class='ocr_line' id='line_1_16' title="bbox 453 1317 1889 1367; baseline -0.001 -10"><span class='ocrx_word' id='word_1_125' title='bbox 453 1321 552 1365; x_wconf 89' lang='lat' dir='ltr'><strong>XIX,</strong></span> <span class='ocrx_word' id='word_1_126' title='bbox 577 1322 645 1358; x_wconf 86' lang='lat'>58:</span> <span class='ocrx_word' id='word_1_127' title='bbox 695 1324 779 1365; x_wconf 82' lang='grc' dir='ltr'>πᾶς</span> <span class='ocrx_word' id='word_1_128' title='bbox 803 1320 885 1367; x_wconf 82' lang='grc' dir='ltr'>γὰρ</span> <span class='ocrx_word' id='word_1_129' title='bbox 913 1317 1077 1356; x_wconf 78' lang='grc' dir='ltr'><em>ἑαυτὸν</em></span> <span class='ocrx_word' id='word_1_130' title='bbox 1104 1318 1273 1356; x_wconf 76' lang='grc' dir='ltr'><em>ἄνακτα</em></span> <span class='ocrx_word' id='word_1_131' title='bbox 1299 1317 1442 1365; x_wconf 79' lang='grc' dir='ltr'><em>λέγων</em></span> <span class='ocrx_word' id='word_1_132' title='bbox 1467 1317 1724 1365; x_wconf 76' lang='grc' dir='ltr'><em>ψευδήμονι</em></span> <span class='ocrx_word' id='word_1_133' title='bbox 1749 1317 1889 1367; x_wconf 76' lang='grc' dir='ltr'><em>μύθῳ</em></span> 
     </span>
     <span class='ocr_line' id='line_1_17' title="bbox 578 1381 1770 1439; baseline -0.003 -9"><span class='ocrx_word' id='word_1_134' title='bbox 578 1395 646 1430; x_wconf 86' lang='grc'>59;</span> <span class='ocrx_word' id='word_1_135' title='bbox 699 1393 893 1439; x_wconf 87' lang='grc' dir='ltr'><em>Καίσαρι</em></span> <span class='ocrx_word' id='word_1_136' title='bbox 923 1392 1112 1439; x_wconf 80' lang='grc' dir='ltr'><em>Τιβερίῳ</em></span> <span class='ocrx_word' id='word_1_137' title='bbox 1138 1390 1440 1436; x_wconf 77' lang='grc' dir='ltr'><strong><em>ψευδώνυμος</em></strong></span> <span class='ocrx_word' id='word_1_138' title='bbox 1466 1381 1598 1436; x_wconf 78' lang='grc' dir='ltr'><em>οὗτος</em></span> <span class='ocrx_word' id='word_1_139' title='bbox 1623 1388 1770 1438; x_wconf 76' lang='grc' dir='ltr'><em>ἐρίζει.</em></span> 
     </span>
     <span class='ocr_line' id='line_1_18' title="bbox 300 1464 2001 1521; baseline 0 -13"><span class='ocrx_word' id='word_1_140' title='bbox 300 1464 419 1516; x_wconf 89' lang='lat' dir='ltr'>Quin</span> <span class='ocrx_word' id='word_1_141' title='bbox 465 1466 595 1508; x_wconf 89' lang='lat' dir='ltr'>etiam</span> <span class='ocrx_word' id='word_1_142' title='bbox 644 1478 789 1520; x_wconf 86' lang='lat' dir='ltr'>neque</span> <span class='ocrx_word' id='word_1_143' title='bbox 839 1466 882 1507; x_wconf 91' lang='lat' dir='ltr'>in</span> <span class='ocrx_word' id='word_1_144' title='bbox 927 1465 1190 1520; x_wconf 85' lang='lat' dir='ltr'>Paraphrasi</span> <span class='ocrx_word' id='word_1_145' title='bbox 1239 1477 1384 1519; x_wconf 87' lang='lat' dir='ltr'>neque</span> <span class='ocrx_word' id='word_1_146' title='bbox 1428 1466 1471 1507; x_wconf 91' lang='lat' dir='ltr'>in</span> <span class='ocrx_word' id='word_1_147' title='bbox 1516 1464 1702 1519; x_wconf 89' lang='lat' dir='ltr'>Joannis</span> <span class='ocrx_word' id='word_1_148' title='bbox 1750 1465 2001 1521; x_wconf 89' lang='lat' dir='ltr'>evangelio,</span> 
     </span>
     <span class='ocr_line' id='line_1_19' title="bbox 301 1534 1998 1592; baseline -0.001 -13"><span class='ocrx_word' id='word_1_149' title='bbox 301 1537 501 1592; x_wconf 87' lang='lat' dir='ltr'>exceptis</span> <span class='ocrx_word' id='word_1_150' title='bbox 533 1537 723 1579; x_wconf 88' lang='lat' dir='ltr'>vocibus</span> <span class='ocrx_word' id='word_1_151' title='bbox 755 1544 864 1591; x_wconf 72' lang='grc' dir='ltr'><em>θεὸς</em></span> <span class='ocrx_word' id='word_1_152' title='bbox 881 1546 911 1591; x_wconf 85' lang='lat'>²)</span> <span class='ocrx_word' id='word_1_153' title='bbox 945 1539 987 1579; x_wconf 91' lang='lat' dir='ltr'>et</span> <span class='ocrx_word' id='word_1_154' title='bbox 1017 1548 1132 1581; x_wconf 68' lang='grc' dir='ltr'><em>θεοῦ</em></span> <span class='ocrx_word' id='word_1_155' title='bbox 1159 1543 1255 1590; x_wconf 84' lang='grc' dir='ltr'><em>υἱός</em></span> <span class='ocrx_word' id='word_1_156' title='bbox 1273 1545 1316 1590; x_wconf 81' lang='lat'>⁸),</span> <span class='ocrx_word' id='word_1_157' title='bbox 1346 1534 1550 1580; x_wconf 89' lang='lat' dir='ltr'>Christus</span> <span class='ocrx_word' id='word_1_158' title='bbox 1573 1535 1817 1579; x_wconf 84' lang='lat' dir='ltr'>honorifice</span> <span class='ocrx_word' id='word_1_159' title='bbox 1839 1537 1998 1592; x_wconf 91' lang='lat' dir='ltr'>appel-</span> 
     </span>
     <span class='ocr_line' id='line_1_20' title="bbox 301 1607 1997 1662; baseline 0 -13"><span class='ocrx_word' id='word_1_160' title='bbox 301 1607 413 1650; x_wconf 89' lang='lat' dir='ltr'>latur</span> <span class='ocrx_word' id='word_1_161' title='bbox 454 1607 770 1662; x_wconf 83' lang='lat' dir='ltr'>appellatione,</span> <span class='ocrx_word' id='word_1_162' title='bbox 815 1619 930 1661; x_wconf 87' lang='lat' dir='ltr'>quae</span> <span class='ocrx_word' id='word_1_163' title='bbox 973 1608 1233 1650; x_wconf 87' lang='lat' dir='ltr'>hominibus</span> <span class='ocrx_word' id='word_1_164' title='bbox 1276 1619 1365 1650; x_wconf 92' lang='lat' dir='ltr'>non</span> <span class='ocrx_word' id='word_1_165' title='bbox 1409 1607 1639 1662; x_wconf 90' lang='lat' dir='ltr'>contingit,</span> <span class='ocrx_word' id='word_1_166' title='bbox 1681 1607 1762 1650; x_wconf 93' lang='lat' dir='ltr'>sed</span> <span class='ocrx_word' id='word_1_167' title='bbox 1806 1607 1867 1649; x_wconf 92' lang='lat' dir='ltr'>illi</span> <span class='ocrx_word' id='word_1_168' title='bbox 1911 1608 1997 1650; x_wconf 88' lang='lat' dir='ltr'>soli</span> 
     </span>
     <span class='ocr_line' id='line_1_21' title="bbox 299 1676 1997 1734; baseline 0.001 -14"><span class='ocrx_word' id='word_1_169' title='bbox 299 1679 560 1728; x_wconf 88' lang='lat' dir='ltr'>attribuitur,</span> <span class='ocrx_word' id='word_1_170' title='bbox 595 1680 641 1720; x_wconf 86' lang='lat' dir='ltr'>ut</span> <span class='ocrx_word' id='word_1_171' title='bbox 673 1678 871 1720; x_wconf 88' lang='lat' dir='ltr'>omittam</span> <span class='ocrx_word' id='word_1_172' title='bbox 905 1689 1062 1720; x_wconf 91' lang='lat' dir='ltr'>vocem</span> <span class='ocrx_word' id='word_1_173' title='bbox 1095 1683 1270 1734; x_wconf 72' lang='grc' dir='ltr'><em>ἡγήτηρ,</em></span> <span class='ocrx_word' id='word_1_174' title='bbox 1305 1689 1419 1732; x_wconf 87' lang='lat' dir='ltr'>quae</span> <span class='ocrx_word' id='word_1_175' title='bbox 1446 1678 1557 1721; x_wconf 79' lang='lat' dir='ltr'>forte</span> <span class='ocrx_word' id='word_1_176' title='bbox 1581 1678 1636 1720; x_wconf 93' lang='lat' dir='ltr'>de</span> <span class='ocrx_word' id='word_1_177' title='bbox 1659 1676 1838 1721; x_wconf 86' lang='lat' dir='ltr'>Christo</span> <span class='ocrx_word' id='word_1_178' title='bbox 1861 1678 1997 1732; x_wconf 91' lang='lat' dir='ltr'>idque</span> 
     </span>
     <span class='ocr_line' id='line_1_22' title="bbox 299 1746 2001 1803; baseline -0.001 -11"><span class='ocrx_word' id='word_1_179' title='bbox 299 1749 437 1792; x_wconf 87' lang='lat' dir='ltr'>semel</span> <span class='ocrx_word' id='word_1_180' title='bbox 484 1746 707 1803; x_wconf 80' lang='lat' dir='ltr'>dicitur⁴),</span> <span class='ocrx_word' id='word_1_181' title='bbox 752 1751 794 1792; x_wconf 86' lang='lat' dir='ltr'>et</span> <span class='ocrx_word' id='word_1_182' title='bbox 834 1755 1156 1803; x_wconf 76' lang='grc' dir='ltr'><em>παμβασιλεύς,</em></span> <span class='ocrx_word' id='word_1_183' title='bbox 1201 1761 1316 1803; x_wconf 88' lang='lat' dir='ltr'>quae</span> <span class='ocrx_word' id='word_1_184' title='bbox 1359 1747 1538 1792; x_wconf 90' lang='lat' dir='ltr'>Christo</span> <span class='ocrx_word' id='word_1_185' title='bbox 1572 1750 1725 1803; x_wconf 88' lang='lat' dir='ltr'>utpote</span> <span class='ocrx_word' id='word_1_186' title='bbox 1758 1747 1856 1791; x_wconf 92' lang='lat' dir='ltr'>Deo</span> <span class='ocrx_word' id='word_1_187' title='bbox 1889 1761 2001 1791; x_wconf 85' lang='lat' dir='ltr'>con-</span> 
     </span>
     <span class='ocr_line' id='line_1_23' title="bbox 298 1817 2000 1875; baseline 0.001 -14"><span class='ocrx_word' id='word_1_188' title='bbox 298 1820 426 1875; x_wconf 86' lang='lat' dir='ltr'>tingit</span> <span class='ocrx_word' id='word_1_189' title='bbox 457 1819 646 1862; x_wconf 85' lang='lat' dir='ltr'>fortasse</span> <span class='ocrx_word' id='word_1_190' title='bbox 681 1818 776 1862; x_wconf 82' lang='lat' dir='ltr'>Par.</span> <span class='ocrx_word' id='word_1_191' title='bbox 811 1820 837 1870; x_wconf 91' lang='lat'>1,</span> <span class='ocrx_word' id='word_1_192' title='bbox 873 1820 942 1871; x_wconf 89' lang='lat'>85,</span> <span class='ocrx_word' id='word_1_193' title='bbox 977 1819 1074 1862; x_wconf 92' lang='lat' dir='ltr'>Deo</span> <span class='ocrx_word' id='word_1_194' title='bbox 1108 1819 1222 1862; x_wconf 87' lang='lat' dir='ltr'>Patri</span> <span class='ocrx_word' id='word_1_195' title='bbox 1257 1819 1306 1871; x_wconf 92' lang='lat' dir='ltr'>V,</span> <span class='ocrx_word' id='word_1_196' title='bbox 1344 1819 1438 1862; x_wconf 88' lang='grc'><strong>162.</strong></span> <span class='ocrx_word' id='word_1_197' title='bbox 1473 1817 1562 1862; x_wconf 90' lang='lat' dir='ltr'>Sed</span> <span class='ocrx_word' id='word_1_198' title='bbox 1595 1820 1745 1862; x_wconf 92' lang='lat' dir='ltr'>omnia</span> <span class='ocrx_word' id='word_1_199' title='bbox 1777 1820 2000 1863; x_wconf 86' lang='lat' dir='ltr'>vocabula</span> 
     </span>
     <span class='ocr_line' id='line_1_24' title="bbox 299 1888 1999 1946; baseline 0.001 -13"><span class='ocrx_word' id='word_1_200' title='bbox 299 1891 543 1933; x_wconf 81' lang='lat' dir='ltr'>honorifice</span> <span class='ocrx_word' id='word_1_201' title='bbox 571 1890 625 1933; x_wconf 79' lang='lat' dir='ltr'>de</span> <span class='ocrx_word' id='word_1_202' title='bbox 650 1888 828 1934; x_wconf 78' lang='lat' dir='ltr'>Christo</span> <span class='ocrx_word' id='word_1_203' title='bbox 853 1891 994 1933; x_wconf 74' lang='lat' dir='ltr'>dicta:</span> <span class='ocrx_word' id='word_1_204' title='bbox 1028 1898 1152 1945; x_wconf 73' lang='grc' dir='ltr'><em>ἄναξ,</em></span> <span class='ocrx_word' id='word_1_205' title='bbox 1172 1897 1383 1945; x_wconf 75' lang='grc' dir='ltr'><em>βασιλεὺς</em></span> <span class='ocrx_word' id='word_1_206' title='bbox 1396 1899 1440 1945; x_wconf 85' lang='lat'>⁶),</span> <span class='ocrx_word' id='word_1_207' title='bbox 1459 1890 1666 1946; x_wconf 88' lang='grc' dir='ltr'><em>κοίρανος</em></span> <span class='ocrx_word' id='word_1_208' title='bbox 1679 1898 1723 1945; x_wconf 86' lang='lat'>‘),</span> <span class='ocrx_word' id='word_1_209' title='bbox 1742 1896 1940 1946; x_wconf 80' lang='grc' dir='ltr'><em>ὄρχαμος</em></span> <span class='ocrx_word' id='word_1_210' title='bbox 1953 1899 1999 1945; x_wconf 82' lang='lat'>⁷),</span> 
     </span>
     <span class='ocr_line' id='line_1_25' title="bbox 298 1961 1996 2017; baseline -0.002 -11"><span class='ocrx_word' id='word_1_211' title='bbox 298 1967 537 2016; x_wconf 77' lang='grc' dir='ltr'><em>ἡγεμονεύς</em></span> <span class='ocrx_word' id='word_1_212' title='bbox 555 1969 599 2016; x_wconf 81' lang='lat'>⁸),</span> <span class='ocrx_word' id='word_1_213' title='bbox 643 1973 759 2015; x_wconf 80' lang='lat' dir='ltr'>quae</span> <span class='ocrx_word' id='word_1_214' title='bbox 792 1961 982 2004; x_wconf 76' lang='lat' dir='ltr'>Nonnus</span> <span class='ocrx_word' id='word_1_215' title='bbox 1013 1962 1209 2013; x_wconf 70' lang='lat' dir='ltr'>adhibet,</span> <span class='ocrx_word' id='word_1_216' title='bbox 1242 1967 1452 2016; x_wconf 80' lang='grc' dir='ltr'><em>βασιλεύς</em></span> <span class='ocrx_word' id='word_1_217' title='bbox 1469 1970 1513 2015; x_wconf 81' lang='grc'>’),</span> <span class='ocrx_word' id='word_1_218' title='bbox 1540 1967 1692 2017; x_wconf 85' lang='grc' dir='ltr'><em>κύριος</em></span> <span class='ocrx_word' id='word_1_219' title='bbox 1711 1970 1771 2016; x_wconf 84' lang='lat'><strong>¹⁰),</strong></span> <span class='ocrx_word' id='word_1_220' title='bbox 1805 1973 1920 2015; x_wconf 77' lang='lat' dir='ltr'>quae</span> <span class='ocrx_word' id='word_1_221' title='bbox 1952 1963 1996 2004; x_wconf 84' lang='lat' dir='ltr'>in</span> 
     </span>
     <span class='ocr_line' id='line_1_26' title="bbox 298 2030 1994 2087; baseline 0 -13"><span class='ocrx_word' id='word_1_222' title='bbox 298 2032 533 2086; x_wconf 87' lang='lat' dir='ltr'>evangelio</span> <span class='ocrx_word' id='word_1_223' title='bbox 577 2032 794 2087; x_wconf 90' lang='lat' dir='ltr'>leguntur,</span> <span class='ocrx_word' id='word_1_224' title='bbox 839 2032 994 2074; x_wconf 90' lang='lat' dir='ltr'>eadem</span> <span class='ocrx_word' id='word_1_225' title='bbox 1038 2033 1245 2075; x_wconf 90' lang='lat' dir='ltr'>dicuntur</span> <span class='ocrx_word' id='word_1_226' title='bbox 1277 2032 1331 2074; x_wconf 90' lang='lat' dir='ltr'>de</span> <span class='ocrx_word' id='word_1_227' title='bbox 1365 2032 1639 2074; x_wconf 89' lang='lat' dir='ltr'>horninibus.</span> <span class='ocrx_word' id='word_1_228' title='bbox 1671 2030 1802 2086; x_wconf 86' lang='lat' dir='ltr'>Atqui</span> <span class='ocrx_word' id='word_1_229' title='bbox 1837 2032 1994 2074; x_wconf 90' lang='lat' dir='ltr'>eadem</span> 
     </span>
     <span class='ocr_line' id='line_1_27' title="bbox 298 2102 1998 2156; baseline 0 -12"><span class='ocrx_word' id='word_1_230' title='bbox 298 2103 422 2153; x_wconf 90' lang='lat' dir='ltr'>ratio,</span> <span class='ocrx_word' id='word_1_231' title='bbox 457 2114 571 2156; x_wconf 89' lang='lat' dir='ltr'>quae</span> <span class='ocrx_word' id='word_1_232' title='bbox 607 2103 839 2145; x_wconf 89' lang='lat' dir='ltr'>intercedit</span> <span class='ocrx_word' id='word_1_233' title='bbox 872 2104 983 2145; x_wconf 88' lang='lat' dir='ltr'>inter</span> <span class='ocrx_word' id='word_1_234' title='bbox 1016 2109 1185 2147; x_wconf 73' lang='grc' dir='ltr'><em>ἄνακτα</em></span> <span class='ocrx_word' id='word_1_235' title='bbox 1219 2105 1259 2146; x_wconf 89' lang='lat' dir='ltr'>et</span> <span class='ocrx_word' id='word_1_236' title='bbox 1292 2102 1443 2145; x_wconf 91' lang='lat' dir='ltr'>divum</span> <span class='ocrx_word' id='word_1_237' title='bbox 1477 2106 1550 2145; x_wconf 90' lang='lat' dir='ltr'>aut</span> <span class='ocrx_word' id='word_1_238' title='bbox 1582 2103 1827 2153; x_wconf 88' lang='lat' dir='ltr'>dominum,</span> <span class='ocrx_word' id='word_1_239' title='bbox 1861 2102 1998 2144; x_wconf 91' lang='lat' dir='ltr'>inter-</span> 
     </span>
     <span class='ocr_line' id='line_1_28' title="bbox 298 2172 1995 2228; baseline 0 -13"><span class='ocrx_word' id='word_1_240' title='bbox 298 2173 416 2215; x_wconf 88' lang='lat' dir='ltr'>cedit</span> <span class='ocrx_word' id='word_1_241' title='bbox 458 2173 570 2215; x_wconf 92' lang='lat' dir='ltr'>inter</span> <span class='ocrx_word' id='word_1_242' title='bbox 611 2179 810 2218; x_wconf 89' lang='grc' dir='ltr'><em>ἄνασσαν</em></span> <span class='ocrx_word' id='word_1_243' title='bbox 853 2176 895 2216; x_wconf 92' lang='lat' dir='ltr'>et</span> <span class='ocrx_word' id='word_1_244' title='bbox 939 2174 1086 2216; x_wconf 88' lang='lat' dir='ltr'>divam</span> <span class='ocrx_word' id='word_1_245' title='bbox 1125 2176 1199 2216; x_wconf 89' lang='lat' dir='ltr'>aut</span> <span class='ocrx_word' id='word_1_246' title='bbox 1231 2174 1473 2216; x_wconf 90' lang='lat' dir='ltr'>dominam.</span> <span class='ocrx_word' id='word_1_247' title='bbox 1507 2172 1738 2216; x_wconf 87' lang='lat' dir='ltr'>Praeterea</span> <span class='ocrx_word' id='word_1_248' title='bbox 1771 2180 1882 2227; x_wconf 75' lang='grc' dir='ltr'><em>ἄναξ</em></span> <span class='ocrx_word' id='word_1_249' title='bbox 1914 2185 1995 2228; x_wconf 90' lang='lat' dir='ltr'>pro</span> 
     </span>
     <span class='ocr_line' id='line_1_29' title="bbox 297 2243 1254 2299; baseline -0.001 -11"><span class='ocrx_word' id='word_1_250' title='bbox 297 2250 468 2289; x_wconf 78' lang='grc' dir='ltr'><em>ἄνασσα</em></span> <span class='ocrx_word' id='word_1_251' title='bbox 501 2244 671 2298; x_wconf 91' lang='lat' dir='ltr'>legitur,</span> <span class='ocrx_word' id='word_1_252' title='bbox 706 2256 743 2286; x_wconf 86' lang='lat' dir='ltr'>e.</span> <span class='ocrx_word' id='word_1_253' title='bbox 762 2257 803 2299; x_wconf 91' lang='lat' dir='ltr'>g.</span> <span class='ocrx_word' id='word_1_254' title='bbox 837 2244 957 2299; x_wconf 89' lang='lat' dir='ltr'>apud</span> <span class='ocrx_word' id='word_1_255' title='bbox 991 2243 1254 2287; x_wconf 85' lang='lat' dir='ltr'>Pindarum:</span> 
     </span>
     <span class='ocr_line' id='line_1_30' title="bbox 520 2315 1769 2370; baseline 0.001 -11"><span class='ocrx_word' id='word_1_256' title='bbox 520 2324 660 2369; x_wconf 80' lang='grc' dir='ltr'><em>ναίεις</em></span> <span class='ocrx_word' id='word_1_257' title='bbox 681 2319 971 2370; x_wconf 75' lang='grc' dir='ltr'><em>Ἀκράγαντος</em></span> <span class='ocrx_word' id='word_1_258' title='bbox 997 2321 1227 2368; x_wconf 79' lang='grc' dir='ltr'><em>ἐύδματον</em></span> <span class='ocrx_word' id='word_1_259' title='bbox 1251 2323 1470 2365; x_wconf 84' lang='grc' dir='ltr'><em>κολώναν,</em></span> <span class='ocrx_word' id='word_1_260' title='bbox 1498 2315 1533 2360; x_wconf 79' lang='grc' dir='ltr'><em>ὦ</em></span> <span class='ocrx_word' id='word_1_261' title='bbox 1560 2323 1686 2360; x_wconf 75' lang='grc' dir='ltr'><em>Γάνα</em></span> <span class='ocrx_word' id='word_1_262' title='bbox 1708 2324 1769 2370; x_wconf 86' lang='lat'><strong>¹¹).</strong></span> 
     </span>
     <span class='ocr_line' id='line_1_31' title="bbox 297 2395 1995 2453; baseline 0.001 -14"><span class='ocrx_word' id='word_1_263' title='bbox 297 2395 472 2439; x_wconf 92' lang='lat' dir='ltr'>Deinde</span> <span class='ocrx_word' id='word_1_264' title='bbox 514 2400 673 2451; x_wconf 71' lang='lat' dir='ltr'>poetae</span> <span class='ocrx_word' id='word_1_265' title='bbox 716 2398 869 2453; x_wconf 87' lang='lat' dir='ltr'>tragici</span> <span class='ocrx_word' id='word_1_266' title='bbox 913 2410 1026 2440; x_wconf 90' lang='lat' dir='ltr'>voce</span> <span class='ocrx_word' id='word_1_267' title='bbox 1069 2405 1240 2443; x_wconf 83' lang='grc' dir='ltr'><em>ἄνασσα</em></span> <span class='ocrx_word' id='word_1_268' title='bbox 1273 2400 1452 2441; x_wconf 90' lang='lat' dir='ltr'>utuntur</span> <span class='ocrx_word' id='word_1_269' title='bbox 1483 2410 1564 2453; x_wconf 92' lang='lat' dir='ltr'>pro</span> <span class='ocrx_word' id='word_1_270' title='bbox 1598 2397 1794 2449; x_wconf 88' lang='lat' dir='ltr'>domina,</span> <span class='ocrx_word' id='word_1_271' title='bbox 1827 2397 1995 2452; x_wconf 79' lang='lat' dir='ltr'>regina,</span> 
     </span>
     <span class='ocr_line' id='line_1_32' title="bbox 297 2467 1052 2511; baseline 0.001 -1"><span class='ocrx_word' id='word_1_272' title='bbox 297 2470 343 2510; x_wconf 90' lang='lat' dir='ltr'>ut</span> <span class='ocrx_word' id='word_1_273' title='bbox 374 2468 473 2510; x_wconf 84' lang='lat' dir='ltr'>Eur.</span> <span class='ocrx_word' id='word_1_274' title='bbox 507 2467 627 2510; x_wconf 85' lang='lat' dir='ltr'>Pers.</span> <span class='ocrx_word' id='word_1_275' title='bbox 666 2468 747 2510; x_wconf 88' lang='lat'>155</span> <span class='ocrx_word' id='word_1_276' title='bbox 780 2468 835 2510; x_wconf 91' lang='lat' dir='ltr'>de</span> <span class='ocrx_word' id='word_1_277' title='bbox 867 2468 1052 2511; x_wconf 85' lang='lat' dir='ltr'>Atossa:</span> 
     </span>
     <span class='ocr_line' id='line_1_33' title="bbox 608 2537 1690 2596; baseline 0.001 -14"><span class='ocrx_word' id='word_1_278' title='bbox 608 2537 660 2582; x_wconf 69' lang='lat'>⁷52</span> <span class='ocrx_word' id='word_1_279' title='bbox 686 2547 967 2593; x_wconf 75' lang='grc' dir='ltr'><em>βαθυζώνων</em></span> <span class='ocrx_word' id='word_1_280' title='bbox 994 2546 1165 2585; x_wconf 73' lang='grc' dir='ltr'><em>ἄνασσα</em></span> <span class='ocrx_word' id='word_1_281' title='bbox 1192 2550 1429 2596; x_wconf 73' lang='grc' dir='ltr'><em>Περσίδων</em></span> <span class='ocrx_word' id='word_1_282' title='bbox 1455 2545 1690 2595; x_wconf 76' lang='grc' dir='ltr'><em>ὑπερτάτη,</em></span> 
     </span>
    </p>

    <p class='ocr_par' dir='ltr' id='par_1_4' title="bbox 296 2619 1994 2747">
     <span class='ocr_line' id='line_1_34' title="bbox 297 2619 1993 2676; baseline 0.001 -14"><span class='ocrx_word' id='word_1_283' title='bbox 297 2620 396 2663; x_wconf 84' lang='lat' dir='ltr'>Eur.</span> <span class='ocrx_word' id='word_1_284' title='bbox 440 2619 560 2663; x_wconf 85' lang='lat' dir='ltr'>Pers.</span> <span class='ocrx_word' id='word_1_285' title='bbox 609 2621 690 2663; x_wconf 89' lang='grc'>173</span> <span class='ocrx_word' id='word_1_286' title='bbox 735 2621 790 2663; x_wconf 92' lang='lat' dir='ltr'>de</span> <span class='ocrx_word' id='word_1_287' title='bbox 835 2621 1014 2664; x_wconf 88' lang='lat' dir='ltr'>eadem:</span> <span class='ocrx_word' id='word_1_288' title='bbox 1044 2635 1119 2676; x_wconf 72' lang='grc' dir='ltr'>γῆς</span> <span class='ocrx_word' id='word_1_289' title='bbox 1146 2628 1317 2666; x_wconf 82' lang='grc' dir='ltr'><em>ἄνασσα</em></span> <span class='ocrx_word' id='word_1_290' title='bbox 1343 2633 1492 2676; x_wconf 74' lang='grc' dir='ltr'><em>τῆσδε,</em></span> <span class='ocrx_word' id='word_1_291' title='bbox 1537 2620 1676 2675; x_wconf 87' lang='lat' dir='ltr'>Soph.</span> <span class='ocrx_word' id='word_1_292' title='bbox 1718 2619 1783 2675; x_wconf 84' lang='lat' dir='ltr'>Aj.</span> <span class='ocrx_word' id='word_1_293' title='bbox 1818 2620 1904 2662; x_wconf 89' lang='lat'>774</span> <span class='ocrx_word' id='word_1_294' title='bbox 1936 2620 1993 2663; x_wconf 92' lang='lat' dir='ltr'>de</span> 
     </span>
     <span class='ocr_line' id='line_1_35' title="bbox 296 2689 1994 2747; baseline 0 -14"><span class='ocrx_word' id='word_1_295' title='bbox 296 2691 552 2734; x_wconf 86' lang='lat' dir='ltr'>Tecmessa.</span> <span class='ocrx_word' id='word_1_296' title='bbox 589 2689 735 2741; x_wconf 90' lang='lat' dir='ltr'>Quare</span> <span class='ocrx_word' id='word_1_297' title='bbox 770 2693 1072 2747; x_wconf 86' lang='lat' dir='ltr'>paraphrasta,</span> <span class='ocrx_word' id='word_1_298' title='bbox 1107 2704 1378 2747; x_wconf 87' lang='lat' dir='ltr'>quamquam</span> <span class='ocrx_word' id='word_1_299' title='bbox 1408 2692 1676 2735; x_wconf 85' lang='lat' dir='ltr'>vocabulum</span> <span class='ocrx_word' id='word_1_300' title='bbox 1702 2698 1874 2737; x_wconf 87' lang='grc' dir='ltr'><em>ἄνασσα</em></span> <span class='ocrx_word' id='word_1_301' title='bbox 1895 2691 1994 2746; x_wconf 93' lang='lat' dir='ltr'>ple-</span> 
     </span>
    </p>
   </div>
   <div class='ocr_carea' id='block_1_4' title="bbox 296 2766 578 2773">
    <p class='ocr_par' dir='ltr' id='par_1_5' title="bbox 296 2766 578 2773">
     <span class='ocr_line' id='line_1_36' title="bbox 296 2766 578 2773; baseline 0 0"><span class='ocrx_word' id='word_1_302' title='bbox 296 2766 578 2773; x_wconf 95' lang='lat' dir='ltr'> </span> 
     </span>
    </p>
   </div>
   <div class='ocr_carea' id='block_1_5' title="bbox 350 2795 1596 2843">
    <p class='ocr_par' dir='ltr' id='par_1_6' title="bbox 350 2795 1596 2843">
     <span class='ocr_line' id='line_1_37' title="bbox 350 2795 1596 2843; baseline 0.002 -11"><span class='ocrx_word' id='word_1_303' title='bbox 350 2795 376 2839; x_wconf 86' lang='lat'>¹)</span> <span class='ocrx_word' id='word_1_304' title='bbox 404 2796 462 2833; x_wconf 83' lang='lat' dir='ltr'>Cf.</span> <span class='ocrx_word' id='word_1_305' title='bbox 491 2797 577 2833; x_wconf 82' lang='lat' dir='ltr'>Eur.</span> <span class='ocrx_word' id='word_1_306' title='bbox 605 2796 668 2833; x_wconf 89' lang='lat' dir='ltr'>Or.</span> <span class='ocrx_word' id='word_1_307' title='bbox 694 2798 780 2833; x_wconf 85' lang='lat'>342:</span> <span class='ocrx_word' id='word_1_308' title='bbox 807 2797 902 2839; x_wconf 79' lang='grc' dir='ltr'><em>ἄναξ</em></span> <span class='ocrx_word' id='word_1_309' title='bbox 929 2798 1108 2843; x_wconf 82' lang='grc' dir='ltr'><em>βασιλεύς.</em></span> <span class='ocrx_word' id='word_1_310' title='bbox 1196 2797 1223 2841; x_wconf 77' lang='lat'>⁷)</span> <span class='ocrx_word' id='word_1_311' title='bbox 1251 2798 1334 2834; x_wconf 82' lang='lat' dir='ltr'>Par.</span> <span class='ocrx_word' id='word_1_312' title='bbox 1361 2799 1490 2842; x_wconf 83' lang='lat' dir='ltr'><strong>XVIII,</strong></span> <span class='ocrx_word' id='word_1_313' title='bbox 1519 2799 1596 2834; x_wconf 87' lang='lat'><strong>163.</strong></span> 
     </span>
    </p>
   </div>
   <div class='ocr_carea' id='block_1_6' title="bbox 346 2853 1661 3080">
    <p class='ocr_par' dir='ltr' id='par_1_7' title="bbox 347 2853 1597 2902">
     <span class='ocr_line' id='line_1_38' title="bbox 347 2853 1597 2902; baseline 0.002 -11"><span class='ocrx_word' id='word_1_314' title='bbox 347 2853 375 2898; x_wconf 88' lang='lat'>¹)</span> <span class='ocrx_word' id='word_1_315' title='bbox 399 2856 455 2902; x_wconf 86' lang='lat' dir='ltr'>Jo.</span> <span class='ocrx_word' id='word_1_316' title='bbox 482 2856 563 2899; x_wconf 89' lang='lat' dir='ltr'>XX,</span> <span class='ocrx_word' id='word_1_317' title='bbox 590 2858 654 2900; x_wconf 88' lang='lat'>28;</span> <span class='ocrx_word' id='word_1_318' title='bbox 682 2856 764 2892; x_wconf 85' lang='lat' dir='ltr'>Par.</span> <span class='ocrx_word' id='word_1_319' title='bbox 792 2858 816 2900; x_wconf 91' lang='lat'>1,</span> <span class='ocrx_word' id='word_1_320' title='bbox 846 2858 927 2901; x_wconf 84' lang='lat'>157;</span> <span class='ocrx_word' id='word_1_321' title='bbox 955 2860 1039 2894; x_wconf 87' lang='lat' dir='ltr'>cet..</span> <span class='ocrx_word' id='word_1_322' title='bbox 1194 2855 1223 2901; x_wconf 80' lang='lat'>⁸)</span> <span class='ocrx_word' id='word_1_323' title='bbox 1252 2857 1336 2894; x_wconf 84' lang='lat' dir='ltr'>Par.</span> <span class='ocrx_word' id='word_1_324' title='bbox 1362 2858 1490 2901; x_wconf 90' lang='lat' dir='ltr'><strong>XVIlI,</strong></span> <span class='ocrx_word' id='word_1_325' title='bbox 1520 2859 1597 2893; x_wconf 88' lang='lat'>131.</span> 
     </span>
    </p>

    <p class='ocr_par' dir='ltr' id='par_1_8' title="bbox 347 2912 1565 2963">
     <span class='ocr_line' id='line_1_39' title="bbox 347 2912 1565 2963; baseline 0.002 -14"><span class='ocrx_word' id='word_1_326' title='bbox 347 2912 375 2957; x_wconf 81' lang='lat'>⁸)</span> <span class='ocrx_word' id='word_1_327' title='bbox 399 2915 455 2960; x_wconf 89' lang='lat' dir='ltr'>Jo.</span> <span class='ocrx_word' id='word_1_328' title='bbox 483 2915 538 2957; x_wconf 88' lang='lat'>111,</span> <span class='ocrx_word' id='word_1_329' title='bbox 568 2916 628 2957; x_wconf 89' lang='grc'>18;</span> <span class='ocrx_word' id='word_1_330' title='bbox 656 2918 744 2958; x_wconf 89' lang='lat' dir='ltr'>cet.;</span> <span class='ocrx_word' id='word_1_331' title='bbox 772 2916 854 2952; x_wconf 82' lang='lat' dir='ltr'>Par.</span> <span class='ocrx_word' id='word_1_332' title='bbox 882 2917 905 2960; x_wconf 92' lang='lat'>1,</span> <span class='ocrx_word' id='word_1_333' title='bbox 932 2918 1018 2960; x_wconf 87' lang='lat'>202;</span> <span class='ocrx_word' id='word_1_334' title='bbox 1046 2918 1129 2953; x_wconf 87' lang='lat' dir='ltr'>cet..</span> <span class='ocrx_word' id='word_1_335' title='bbox 1197 2915 1226 2960; x_wconf 81' lang='lat'>⁹)</span> <span class='ocrx_word' id='word_1_336' title='bbox 1249 2917 1305 2963; x_wconf 89' lang='lat' dir='ltr'>Jo.</span> <span class='ocrx_word' id='word_1_337' title='bbox 1334 2917 1357 2959; x_wconf 90' lang='lat'>1,</span> <span class='ocrx_word' id='word_1_338' title='bbox 1384 2918 1453 2959; x_wconf 81' lang='lat'>49;</span> <span class='ocrx_word' id='word_1_339' title='bbox 1481 2919 1565 2953; x_wconf 86' lang='lat' dir='ltr'>cet..</span> 
     </span>
    </p>

    <p class='ocr_par' dir='ltr' id='par_1_9' title="bbox 346 2972 1596 3022">
     <span class='ocr_line' id='line_1_40' title="bbox 346 2972 1596 3022; baseline 0.002 -14"><span class='ocrx_word' id='word_1_340' title='bbox 346 2972 375 3015; x_wconf 81' lang='lat'>⁴)</span> <span class='ocrx_word' id='word_1_341' title='bbox 403 2973 487 3008; x_wconf 84' lang='lat' dir='ltr'>Par.</span> <span class='ocrx_word' id='word_1_342' title='bbox 515 2974 606 3016; x_wconf 89' lang='lat' dir='ltr'><strong>XIII,</strong></span> <span class='ocrx_word' id='word_1_343' title='bbox 633 2975 678 3010; x_wconf 83' lang='lat'>67</span> <span class='ocrx_word' id='word_1_344' title='bbox 693 2972 732 3018; x_wconf 88' lang='lat'>†.</span> <span class='ocrx_word' id='word_1_345' title='bbox 1181 2974 1226 3019; x_wconf 88' lang='lat'>¹⁰)</span> <span class='ocrx_word' id='word_1_346' title='bbox 1250 2977 1307 3022; x_wconf 88' lang='lat' dir='ltr'>Jo.</span> <span class='ocrx_word' id='word_1_347' title='bbox 1334 2976 1394 3019; x_wconf 84' lang='lat' dir='ltr'>IV,</span> <span class='ocrx_word' id='word_1_348' title='bbox 1424 2978 1484 3017; x_wconf 90' lang='lat'>11;</span> <span class='ocrx_word' id='word_1_349' title='bbox 1511 2977 1596 3012; x_wconf 89' lang='lat' dir='ltr'>cet..</span> 
     </span>
    </p>

    <p class='ocr_par' dir='ltr' id='par_1_10' title="bbox 346 3029 1661 3080">
     <span class='ocr_line' id='line_1_41' title="bbox 346 3029 1661 3080; baseline 0.003 -14"><span class='ocrx_word' id='word_1_350' title='bbox 346 3029 375 3074; x_wconf 78' lang='lat'>⁵)</span> <span class='ocrx_word' id='word_1_351' title='bbox 403 3031 486 3067; x_wconf 72' lang='lat' dir='ltr'>Par.</span> <span class='ocrx_word' id='word_1_352' title='bbox 513 3032 568 3075; x_wconf 87' lang='grc' dir='ltr'><em>ιιι,</em></span> <span class='ocrx_word' id='word_1_353' title='bbox 599 3034 682 3076; x_wconf 84' lang='lat'>123;</span> <span class='ocrx_word' id='word_1_354' title='bbox 709 3035 793 3069; x_wconf 84' lang='lat' dir='ltr'>cet..</span> <span class='ocrx_word' id='word_1_355' title='bbox 1178 3033 1224 3079; x_wconf 86' lang='lat'>¹¹)</span> <span class='ocrx_word' id='word_1_356' title='bbox 1251 3035 1361 3071; x_wconf 87' lang='lat' dir='ltr'>Pind.</span> <span class='ocrx_word' id='word_1_357' title='bbox 1388 3035 1498 3080; x_wconf 74' lang='lat' dir='ltr'>pym.</span> <span class='ocrx_word' id='word_1_358' title='bbox 1525 3035 1602 3077; x_wconf 84' lang='lat' dir='ltr'>xn,</span> <span class='ocrx_word' id='word_1_359' title='bbox 1627 3035 1661 3070; x_wconf 88' lang='grc'>3.</span> 
     </span>
    </p>
   </div>
   <div class='ocr_carea' id='block_1_7' title="bbox 347 3089 795 3135">
    <p class='ocr_par' dir='ltr' id='par_1_11' title="bbox 347 3089 795 3135">
     <span class='ocr_line' id='line_1_42' title="bbox 347 3089 795 3135; baseline 0.004 -9"><span class='ocrx_word' id='word_1_360' title='bbox 347 3089 375 3135; x_wconf 91' lang='grc'>“)</span> <span class='ocrx_word' id='word_1_361' title='bbox 403 3090 486 3127; x_wconf 83' lang='lat' dir='ltr'>Par.</span> <span class='ocrx_word' id='word_1_362' title='bbox 513 3091 593 3134; x_wconf 93' lang='lat' dir='ltr'><strong>XV,</strong></span> <span class='ocrx_word' id='word_1_363' title='bbox 619 3093 683 3135; x_wconf 86' lang='lat'>55;</span> <span class='ocrx_word' id='word_1_364' title='bbox 711 3094 795 3128; x_wconf 86' lang='lat' dir='ltr'>cet..</span> 
     </span>
    </p>
   </div>
  </div>
 </body>
</html>
