2180 3606
952 241 1008 283 37

138 378 293 423 ,,Καί”,
338 369 480 423 inquit
521 366 881 423 ChrySOS‘tomuS‚
921 375 990 423 ,,έν
1027 383 1079 424 τῇ
1115 376 1376 425 παραιτήσει
1414 376 1623 424 σφοδρὸς,
1662 379 1735 412 καὶ
1773 374 1821 413 έν

135 452 188 494 τῇ
214 447 486 495 συγχωρήσει
512 446 814 494 σφοδρότερος
838 449 1028 492 γίνεται”
1046 437 1092 494 ¹).
1125 439 1192 482 De
1226 439 1418 494 pedibus
1450 441 1595 480 autem
1624 439 1821 480 retractis

137 509 282 560 deque
327 512 419 551 toto
462 521 646 563 corpore
689 509 880 550 lavando
919 510 1198 564 evangelium
1227 509 1473 565 Joanneum
1506 509 1618 551 silet.
1653 508 1820 550 Eodem

136 580 270 621 modo
305 578 458 622 Petrus
491 590 759 633 magnopere
793 585 1108 630 commovetur,
1143 593 1242 622 cum
1276 580 1383 621 dicit
1414 579 1695 621 festinantius

135 653 218 689 Par.
245 654 338 696 XIII,
368 655 456 690 147:
481 652 674 699 κοίρανε,
700 656 758 696 πῆ
783 649 1014 697 σπεύδεις;
1039 654 1140 688 τίνα
1165 665 1258 696 μοι,
1285 653 1386 688 τίνα
1411 655 1559 699 χῶρον
1585 649 1750 696 ἱκάνεις
1766 651 1822 696 2),·

136 731 226 773 quo
260 720 303 761 in
337 720 568 774 evangelio
602 719 782 773 legitur:
804 725 941 775 κύριε,
961 732 1047 764 ποῦ
1067 725 1244 774 ὑπάγεις
1260 717 1317 774 3);
1340 718 1459 769 Quin
1484 719 1628 770 etiam,
1647 720 1821 761 vetante

135 789 343 840 Domino,
389 790 510 832 nullo
548 792 679 843 capto
713 790 917 841 consiliO,
950 792 1233 833 vehementer
1266 801 1502 845 properare
1536 790 1658 844 cupit
1689 792 1822 842 atque

136 859 375 902 Dominum
410 861 537 914 sequi

134 935 218 972 Par.
243 935 336 979 XIII,
365 935 452 972 1531:
479 930 534 969 οὐ
559 930 760 977 δύναμαι
786 946 810 968 τ
825 947 852 968 α
865 947 894 979 χ
910 932 934 968 ύ
949 947 973 979 γ
987 946 1012 969 ο
1028 947 1053 969 υ
1067 947 1091 969 ν
1107 946 1131 969 ο
1147 946 1167 979 ς
1201 931 1493 980 ὀπισθοπόρῳ
1521 932 1628 968 πόδι
1654 934 1823 979 βαίνων

360 1008 446 1043 154:
473 1001 686 1051 ὑμετέρης
712 1002 900 1050 ἀβάτοιο
926 1009 1086 1049 ταμεῖν
1111 1009 1306 1040 κενεῶνα
1331 1002 1582 1048 κελεύθου;

133 1072 302 1114 Tamen
336 1084 435 1114 eum
460 1072 576 1114 haud
601 1073 849 1126 perspectis
873 1073 1214 1115 circumstantiis
1237 1072 1340 1114 talia
1362 1072 1484 1125 loqui
1509 1072 1650 1126 magis
1673 1072 1822 1125 aperte

134 1144 278 1184 narrat
310 1143 596 1197 evangeliSta,
627 1144 726 1196 qui:
761 1152 841 1187 ..13ιά
867 1153 924 1192 τί,
960 1144 1114 1197 inquit,
1134 1148 1189 1187 οὐ
1207 1149 1408 1195 δύναμαί
1426 1158 1497 1186 σοι
1515 1148 1823 1194 ἀκολουθῆσαι

134 1219 234 1269 ἄρτι
252 1210 306 1267 4);
331 1212 550 1267 Denique,
570 1225 685 1266 quae
703 1213 848 1255 futura
867 1216 981 1263 sunt,
1001 1213 1119 1255 haud
1138 1213 1434 1267 prospiciens,
1457 1212 1591 1253 audet
1608 1211 1822 1253 affirmare

227 1288 311 1324 Par.
337 1288 430 1332 XIII,
459 1290 546 1324 155:
595 1288 670 1321 καὶ
696 1286 846 1331 ψυχὴν
873 1284 1126 1322 ἐθέλουσαν
1152 1283 1260 1333 ὑπὲρ
1287 1285 1423 1322 σέθεν
1449 1283 1705 1330 ἐγγυαλίξω.

134 1352 436 1396 Festinantius
467 1355 570 1409 agit,
604 1367 703 1397 cum
736 1355 901 1397 Malchi
935 1355 1127 1397 abscidit
1159 1366 1307 1397 aurem
1324 1351 1371 1408 5),
1405 1354 1583 1396 festinat
1614 1354 1669 1394 ad
1693 1353 1822 1394 inane

134 1423 297 1468 Christi
332 1425 600 1479 sepulcrum,
635 1425 737 1467 licet
764 1425 958 1480 Joannes
992 1425 1113 1467 illum
1149 1425 1403 1479 praeveniat

134 1499 207 1535 Par
233 1499 315 1542 XX,
345 1499 408 1535 16:
987 1500 1063 1534 καὶ
1089 1495 1148 1543 ὡς
1172 1494 1245 1543 ἔχε
1273 1497 1442 1545 Πέτρος
1467 1495 1672 1541 ἀκούσας,

338 1571 403 1606 17:
454 1564 646 1614 ἔμπνοος
671 1568 959 1617 οἰστρηθέντι
983 1572 1138 1605 ποδῶν
1164 1567 1376 1616 διφήτορι
1401 1572 1550 1615 ταρσῷ

339 1641 405 1677 18:
456 1637 695 1687 ἄνθορεν
721 1638 776 1676 ἐκ
800 1639 1082 1688 μεγάροιο·
1108 1641 1183 1676 καὶ
1209 1636 1444 1686 ὡμάρτησε
1469 1637 1674 1683 μαθητὴς

339 1712 404 1747 19:
455 1708 590 1756 ἄλλος
616 1707 737 1756 ὁμῶς
763 1708 833 1746 ἐπὶ
859 1715 990 1756 σῆμα,
1017 1713 1091 1746 καὶ
1117 1709 1179 1756 εἰς
1206 1709 1380 1757 δρόμον
1406 1706 1588 1756 ἔτρεχον
1614 1706 1763 1753 ἄμφω.

335 1783 403 1818 20:
452 1782 527 1816 καὶ
553 1779 790 1826 φθάμενος
815 1782 1001 1824 Σίμωνα
1025 1779 1277 1825 ποδήνεμος
1301 1771 1416 1825 ἦλθε
1440 1778 1646 1824 μαθητὴς

336 1853 403 1887 21:
455 1849 632 1897 Πέτρου
657 1850 979 1897 σπερχομένοιο
1006 1831 1248 1898 θοῶτερος.

336 1923 404 1959 26:
455 1918 715 1967 ἑσπομένοις
741 1922 793 1957 δὲ
817 1921 1030 1958 πόδεσσιν
1056 1919 1286 1968 όπίστερος
1313 1920 1432 1957 ἵκετο
1458 1922 1613 1965 Σίμων

336 1994 404 2029 27;
453 1993 528 2027 καὶ
554 1991 720 2037 ταχὺς
746 1988 880 2028 ε”νδον
906 1991 1070 2028 ἵκανεν.

134 2059 214 2101 His
246 2059 451 2102 versibus
484 2059 597 2102 Petri
632 2061 749 2102 celer
782 2072 939 2103 cursus
972 2061 1147 2111 eminet,
1183 2060 1309 2114 cuius
1343 2059 1621 2114 evangelium
1660 2058 1821 2101 diserte

133 2130 401 2172 mentionem
436 2142 524 2172 non
557 2130 674 2173 tacit.
708 2131 862 2173 Narrat
893 2132 1009 2173 enim
1033 2131 1250 2186 Joannes:
1270 2135 1485 2184 Ἐξῆλθεν
1511 2128 1592 2174 οὖν
1610 2134 1635 2173 ὁ
1654 2137 1823 2185 Πέτρος

131 2209 206 2243 καὶ
239 2205 264 2244 ὁ
298 2206 433 2254 ἄλλος
462 2207 682 2255 μαθητής,
709 2212 783 2246 καὶ
809 2207 1000 2257 ἤρχοντο
1026 2209 1088 2255 εἰς
1113 2209 1165 2245 τὸ
1190 2213 1460 2255 μνημεῖον..
1476 2234 1486 2244 .
1512 2210 1586 2244 καὶ
1612 2207 1823 2253 εἰσῆλθεν

132 2277 195 2324 εἰς
223 2278 276 2314 τὸ
300 2283 520 2324 μνημεῖον
542 2279 585 2325 ⁶).
619 2271 747 2313 Haud
781 2283 913 2314 secus
946 2274 1234 2326 properanter
1265 2272 1367 2325 agit,
1401 2272 1549 2313 animo
1583 2274 1821 2321 commoto,

133 2353 232 2384 cum
266 2342 415 2384 desilit
447 2342 489 2383 in
524 2354 655 2393 mare,
690 2345 735 2385 ut
768 2341 945 2386 Christo
979 2343 1167 2385 celerius
1200 2343 1395 2393 accedat,
1430 2343 1476 2384 ut
1508 2343 1628 2396 patet

179 2422 262 2459 Par.
287 2423 386 2466 XXI,
412 2424 480 2459 37:
530 2417 555 2456 ὁ
581 2421 633 2457 δὲ
659 2421 823 2466 σχεδὸν
849 2419 951 2467 ὀξὺς
972 2422 998 2467 ⁷}
1023 2420 1227 2469 ὀρούσας,
1263 2415 1303 2455 et

409 2495 477 2530 44:
527 2491 695 2538 ταχὺς
731 2492 794 2538 εἰς
830 2492 938 2540 ῥόον
975 2484 1099 2534 ἆλτο,
1135 2485 1210 2526 ubi
1244 2484 1363 2538 apud
1393 2483 1607 2538 Joannem
1642 2483 1819 2537 legitur:

132 2559 324 2607 ἀκούσας
353 2560 424 2598 ὅτι
449 2560 474 2598 ὁ
498 2561 649 2610 κύριός
675 2561 809 2605 ἐστιν,
836 2564 916 2600 τὸν
942 2562 1188 2609 ἐπενδύτην
1214 2562 1484 2607 διεζώσατο.
1500 2588 1536 2598 ..
1562 2564 1635 2598 καὶ
1662 2558 1822 2608 ἔβαλεν

132 2629 294 2668 ἑαυτὸν
331 2632 393 2679 εἰς
430 2633 509 2679 τὴν
546 2633 786 2671 θάλασσαν
807 2634 848 2680 ⁸),
893 2628 934 2669 θ’(
975 2639 1015 2668 V.
1048 2637 1117 2672 611
1159 2634 1364 2681 θορὼν
1393 2631 1653 2679 ἀνεβήσατο,
1697 2624 1819 2678 quod

131 2695 314 2737 verbum
356 2705 512 2751 θορών
554 2697 832 2751 evangelium
867 2697 1027 2739 omittit
1046 2694 1093 2751 9).
1127 2695 1251 2738 Patet
1283 2696 1414 2750 igitur
1443 2695 1650 2737 Nonnum
1685 2706 1821 2737 evan-

185 2873 212 2918 1)
238 2875 291 2911 M.
317 2875 357 2911 Ρ.
386 2874 431 2912 o.
459 2876 550 2918 Lix,
575 2878 657 2913 383.
887 2875 916 2921 ⁶)
939 2877 996 2923 Jo.
1025 2877 1106 2919 xx,
1132 2878 1154 2912 3
1180 2878 1218 2912 et
1242 2876 1276 2911 6.

190 2931 215 2976 Β)
242 2934 344 2970 Idem
360 2945 497 2971 versus
515 2935 597 2972 Par.
617 2936 713 2980 XVI,
729 2937 784 2972 20.
888 2935 915 2980 ⁷)
944 2936 1112 2972 Codices
1138 2937 1280 2981 vulgo:
1307 2929 1437 2980 ἐγγύς;
1463 2935 1629 2971 correxit
1654 2934 1812 2970 Tiedke.

183 2990 209 3033 ³}
233 2993 290 3039 Jo.
317 2993 409 3036 XIII,
435 2994 491 3029 36.
892 2993 921 3038 ⁸)
944 2996 1001 3041 Jo.
1028 2995 1125 3037 XXI,
1151 2996 1184 3029 7.

183 3051 212 3095 6)
235 3052 292 3098 Jo.
319 3052 411 3095 XIII,
437 3053 493 3088 37.
891 3052 921 3097 ⁹)
948 3054 1006 3090 Cf.
1029 3054 1086 3100 Jo.
1113 3053 1208 3096 XXI,
1238 3054 1289 3089 11.

183 3108 212 3153 ⁶)
240 3110 298 3147 Cf.
325 3110 408 3147 Par.
435 3111 563 3156 XVIII,
589 3113 729 3148 50—58
747 3126 788 3140 =
807 3113 864 3159 Jo.
892 3113 1019 3157 XVIII,
1049 3114 1091 3149 10
1104 3123 1173 3157 sq..
