2180 3606
284 1293 372 1328 120:

283 1364 371 1399 121:

967 223 1017 264 51

371 359 381 385 :
431 345 550 394 ὄφρα
574 359 623 382 κε
648 348 797 382 πίστιν
822 343 967 392 ἔχοιτε
994 348 1215 393 βιοσσόον,
1243 346 1340 385 ὅττι
1367 354 1522 395 τοκῆος

371 430 380 455 :
430 417 621 465 Χριστὸς
648 415 852 461 αειζώοιο
877 420 992 454 θεοῦ
1017 418 1145 464 γόνος
1170 417 1291 455 ἐστὶν
1312 415 1492 465 Ἰησοῦς·

372 499 381 525 :
432 484 547 531 ὔμμι
572 487 625 523 δὲ
648 487 988 531 πειθομένοισιν
1014 486 1276 536 ε’πουρανίης
1300 489 1432 537 χάριν
1460 487 1594 537 ἀρχῆς

372 573 380 598 :
432 560 541 604 ζωῆς
566 558 803 603 θεσπεσίης
829 555 1008 603 αἰώνιός
1034 556 1154 595 ἐστιν
1180 558 1346 605 ἀμοιβή
1369 561 1411 606 ι).

875 684 961 723 ἔσω
986 700 1038 735 κρ
1044 690 1195 734 υφίοιο
1221 688 1461 737 μελάθρου

369 771 378 796 :
428 758 597 804 Πέτρος
623 753 698 802 ε”ην
724 754 748 791 ὁ
772 757 945 804 πρόσθε
971 757 1200 804 βοώμενος
1224 756 1398 803 οὕνομα
1426 761 1581 804 Σίμων

366 841 375 849 ·
424 829 499 863 καὶ
525 826 663 873 σοφὸς
685 823 917 874 Ἀνδρείας,
945 824 1240 875 ὁμογάστριος
1265 827 1312 874 ὃς
1338 830 1445 867 πέλε
1474 829 1650 877 Πέτρου

365 911 374 935 :
398 903 399 908 ’
423 899 497 933 καὶ
523 899 738 944 τροχαλοὶ
765 895 850 933 δύο
875 900 1031 943 παῖδες
1057 895 1323 945 ἱιλιτρεφέος
1349 901 1598 944 Ζεβεδαίου
1624 903 1696 939 cet.
1717 901 1762 946 ²).

364 1039 374 1064 :
422 1027 496 1061 καὶ
523 1027 661 1072 διερῷ
687 1026 873 1069 Σίμωνι,
900 1028 1050 1071 βυθοῦ
1078 1024 1290 1073 διφητορι
1319 1025 1499 1067 πόντοῦ,

364 1109 373 1134 :
423 1097 629 1143 κοίρανος
655 1094 707 1132 ὃν
733 1095 951 1141 φιλέεσκε,
979 1095 1256 1143 συνέμπορος
1283 1088 1377 1132 εἶπε
1403 1096 1620 1143 μαθητής·

363 1179 373 1205 2
424 1163 557 1211 αὐτὸς
583 1164 693 1211 ἄναξ
718 1165 850 1202 πέλεν
876 1156 1007 1211 οὗτος
1028 1166 1072 1212 ³).

937 1288 1218 1336 ὀπηδεύοντα
1245 1291 1297 1326 δὲ
1324 1295 1486 1338 ταρσῷ,

419 1362 626 1408 κοίρανος
651 1359 703 1397 ὃν
730 1363 975 1407 φιλέεσκεν,
1003 1359 1238 1409 ὀπίστερον
1263 1353 1357 1398 εἶδε
1382 1360 1605 1407 μαθητήν,

281 1434 369 1470 122;
419 1430 466 1477 ὃς
490 1434 564 1467 καὶ
592 1432 885 1477 δαινυμένοιο
911 1432 1147 1478 θεηγενέος
1172 1435 1384 1482 βασιλῆος

280 1505 367 1540 123;
417 1501 546 1548 λοξὸς
572 1499 639 1538 ἐπὶ
669 1502 872 1550 στέρνοιο
898 1503 1045 1539 πεσὼν
1071 1502 1344 1549 φιλοπευθέι
1369 1501 1508 1549 μύθῳ

279 1576 368 1611 124:
412 1569 583 1618 Ἰησοῦν
609 1570 773 1621 ἐρέεινε
799 1572 1018 1619 δαήμονα·
1047 1575 1112 1619 τίς
1137 1574 1270 1610 πέλεν
1300 1572 1423 1621 ἀνήρ,

280 1646 368 1682 125:
418 1641 466 1689 ὅς
491 1654 540 1680 σε
566 1644 912 1691 θεοστυγέεσσιν
934 1641 1172 1690 Ἰουδαίοις
1197 1644 1479 1693 παραδώσεις

281 1717 367 1753 126:
418 1720 581 1752 τοῦτον
608 1715 721 1752 ἰδὼν
748 1716 847 1752 τότε
876 1716 1059 1764 Πέτρος,
1088 1714 1304 1764 ἀνείρετο·
1331 1717 1406 1752 καὶ
1432 1717 1475 1751 τί
1502 1717 1698 1754 τελέσσει

278 1788 367 1823 127:
417 1776 549 1831 οὗτος
575 1784 680 1831 έμὸς
706 1786 982 1832 συνιὶεθλος;
1009 1785 1119 1832 ἅναξ
1146 1783 1186 1822 δ’
1197 1784 1382 1832 ἠνίπαπε
1408 1784 1560 1832 μύθῳ·

279 1858 367 1893 128:
417 1854 462 1891 εἴ
481 1869 573 1900 μιν,
602 1853 684 1902 ἕως
710 1853 908 1901 ἔλθοιμι,
936 1858 1171 1901 λιλαίομαι
1198 1854 1367 1892 ἐνθάδε
1392 1858 1588 1901 μίμνειν,

278 1929 366 1964 129;
414 1926 521 1973 πρὸς
548 1927 595 1962 σε
622 1928 665 1962 τί
692 1931 826 1963 τοῦτο
852 1927 997 1971 πέλει;
1023 1926 1078 1963 σύ
1104 1941 1182 1972 μοι
1209 1924 1353 1963 ἕσπεο·
1379 1929 1452 1963 καὶ
1479 1926 1607 1973 λόγος
1632 1917 1764 1973 οὗτος

276 1999 364 2035 13οε
414 2001 598 2042 γνωτῶν
624 1995 670 2042 ἐξ
696 1995 867 2045 ἑτάρων
892 1999 1057 2045 κρυφίῃ
1081 1996 1327 2045 κηρύσσετο
1355 2002 1479 2043 φωνῇ

276 2069 365 2106 131:
417 2064 608 2112 αὐχὴεις,
636 2065 703 2103 ὅτι
732 2073 875 2114 κεῖνος
901 2066 1129 2113 ἀνικήτοιο
1155 2067 1361 2113 μαθητὴς

275 2140 364 2176 132;
415 2134 469 2173 οὐ
496 2137 633 2183 ξυνοῦ
660 2138 866 2174 θανάτου
893 2137 1019 2184 τέλος
1045 2137 1221 2182 ὄψεται.
1248 2136 1302 2174 ού
1328 2138 1411 2182 μὲν
1433 2134 1596 2183 Ἰησοῦς

274 2210 360 2246 133;
413 2204 605 2244 ἔννεπεν·
632 2206 686 2243 ού
713 2208 869 2254 βιότου
896 2210 1200 2255 νοσφίσσεται,
1229 2205 1324 2253 ἀλλ’
1355 2206 1425 2244 ὅτι
1450 2213 1635 2252 μοῦνον·

275 2281 363 2316 134:
412 2277 457 2314 εἴ
476 2291 556 2322 μιν
584 2281 720 2326 δεῦρο
745 2279 899 2323 μένειν
925 2277 991 2316 ε”τι
1018 2278 1258 2325 βούλομαι,
1287 2279 1458 2315 εἰσόκεν
1484 2275 1622 2320 ἔλθω,

275 2351 364 2387 135:
413 2348 520 2396 πρὸς
546 2349 593 2384 σε
622 2351 664 2385 τί
691 2355 825 2386 τοῦτο
851 2350 1000 2395 πέλει,·
1027 2352 1069 2386 τί
1096 2351 1148 2387 δὲ
1174 2349 1390 2394 πεύθεαι,·
1419 2341 1550 2395 οὗτος
1575 2348 1727 2396 ὀπωπῇ

275 2422 362 2458 136:
414 2417 615 2467 ἀθρήσας
641 2418 886 2468 ὁμόφοιτος
912 2420 1136 2468 ἀλήμονος
1162 2420 1287 2467 ἐκτὸς
1313 2420 1475 2466 ἀκουῆς

274 2493 362 2528 137:
412 2487 552 2538 ἔργων
578 2493 830 2529 θεσπεσίων
856 2491 1155 2541 ε’πιμάρτυρός
1182 2490 1276 2528 έστι
1302 2490 1520 2537 μαθητής.

273 2563 360 2599 138:
410 2563 484 2597 καὶ
510 2562 652 2599 νοέων
678 2562 786 2599 τάδε
813 2563 957 2600 πάντα
982 2563 1237 2610 κατέγραφε
1264 2563 1449 2599 θέσπιδι
1476 2563 1631 2608 βίβλῳ.

273 2633 362 2670 139:
413 2630 528 2668 ἄλλα
555 2633 606 2669 δὲ
631 2633 848 2678 θαύματα
873 2636 1018 2670 πολλὰ
1045 2640 1160 2680 σοφῇ
1187 2635 1488 2681 σφρηγίσσατο
1514 2637 1611 2679 σιγῇ

273 2704 362 2740 140:
411 2702 582 2751 μάρτυς
607 2702 854 2750 έτητυμίης,
882 2705 1019 2752 τάπερ
1048 2703 1206 2750 ἤνυσεν
1233 2701 1365 2749 αὐτὸς
1386 2700 1564 2749 Ἰησοῦς,

273 2775 360 2810 141:
411 2771 522 2809 ὄσσα
546 2771 648 2810 καθ’
680 2773 728 2811 ἓν
755 2776 995 2821 στοιχηδὸν
1021 2774 1130 2822 ἀνὴρ
1159 2774 1318 2823 βροτὸς
1344 2774 1441 2811 αἴκε
1465 2774 1647 2822 χαράξῃ,

274 2847 360 2881 142;
410 2845 594 2890 βίβλους
620 2847 857 2890 τοσσατίας
883 2846 1143 2891 νεοτευχέας
1168 2843 1277 2881 οὐδὲ
1303 2847 1377 2881 καὶ
1404 2843 1542 2881 αὐτὸν

273 2917 361 2952 143:
412 2911 602 2959 ἔλπομαι
630 2914 948 2964 ἀγλαόμορφον
974 2915 1199 2964 ιἰτέρμονα
1224 2915 1394 2960 κόσμον
1421 2914 1566 2963 ἀεῖραι
1584 2917 1628 2961 ⁴).

182 3044 208 3088 ¹)
236 3044 295 3082 Cf.
317 3047 374 3093 Jo.
400 3045 482 3090 XX,
512 3049 558 3084 30
583 3058 652 3093 sq..
1024 3047 1052 3092 ἢ)
1082 3048 1139 3084 Cf.
1163 3048 1219 3094 Jo.
1246 3047 1345 3092 XX1,
1371 3050 1403 3084 7.

180 3102 208 3148 ²)
235 3104 294 3141 cf.
316 3106 372 3152 Jo.
399 3105 498 3151 xx1,
524 3109 556 3143 2.
1024 3108 1052 3153 6)
1081 3107 1139 3145 cf.
1162 3109 1218 3155 Jo.
1245 3107 1343 3152 xx1,
1369 3109 1519 3145 20—25.
