2180 3606
968 193 1026 235 45

153 323 393 366 Dominum
437 333 582 364 amare
624 321 777 376 majori
821 322 984 373 studio,
1028 335 1160 376 quam
1204 323 1335 365 ceteri
1376 334 1475 364 eum
1519 321 1718 376 diligant,
1751 324 1837 364 tam

151 393 277 435 fortis
310 404 442 445 quam
477 392 705 434 modestus
737 403 888 434 verum
922 393 1131 435 enuntiat.

210 462 359 505 Tertia
390 463 502 513 vice,
535 462 767 516 evangelio
800 461 917 503 nude
951 474 1039 503 rem
1070 464 1283 514 narrante,
1308 462 1595 517 paraphrasta
1621 472 1838 503 summam
1899 495 1901 498 .

150 533 333 576 adhibet
364 532 679 587 gradationem,
714 532 837 585 quod
868 533 1022 574 attinet
1054 532 1109 575 ad
1133 544 1327 575 amorem
1350 533 1521 574 firmum
1544 534 1677 586 atque
1696 533 1838 575 invic—

151 605 256 646 tum.
301 602 436 645 Trina
477 603 593 644 enirn
637 599 800 644 Christi
840 602 1184 657 interrogatione
1218 604 1397 645 minime
1431 603 1652 645 adductus
1685 605 1764 653 est,
1795 604 1841 645 ut

149 675 315 716 amoris
357 673 522 715 dubius
561 672 684 713 tieret
723 672 803 714 sed
835 680 1069 728 θρασὺς
1105 679 1272 726 ἄχνυτο
1300 682 1470 729 Πέτρος
1503 674 1530 715 i.
1562 685 1599 716 e.
1634 685 1722 715 non
1755 673 1840 724 sui,

150 744 232 787 sed
255 742 417 787 Christi
453 755 475 785 c
493 755 520 784 o
539 754 565 783 n
583 742 598 783 f
615 742 627 783 i
647 741 674 783 d
695 754 717 784 e
737 754 763 783 n
781 753 803 784 s
835 743 1120 785 contristatus
1145 746 1210 785 est
1228 740 1272 797 ¹).
1297 743 1497 786 Attamen
1521 755 1694 786 summa
1716 755 1841 785 vere-

151 814 315 857 cundia
347 814 507 856 ductus
535 812 681 855 audax
703 824 896 854 amorem
920 813 1034 855 alios
1057 816 1338 867 superantem
1363 814 1576 857 affirmare
1598 814 1685 868 J‘am
1704 825 1840 856 ausus

149 897 240 927 non
273 886 352 934 est,
387 883 466 926 sed

197 954 281 990 Par.
306 953 405 997 XXI,
434 953 521 989 105:
566 946 737 995 Ἰησοῦν
763 946 1065 994 δ’ἀπάμειπτο
1089 950 1313 996 κατηφὲ
1329 964 1344 986 ι
1365 951 1394 997 ²)
1419 951 1587 999 Πέτρος
1612 951 1707 998 ἰωῇ·

432 1024 520 1059 106:
569 1019 715 1056 πάντα
741 1020 796 1056 σὺ
820 1020 1049 1067 γινώσκεις
1075 1015 1170 1064 cet„
1191 1014 1218 1055 i.
1237 1025 1273 1056 e.
1292 1011 1525 1067 respondit
1541 1026 1651 1056 voce
1670 1013 1840 1068 pudore

147 1084 331 1128 suffusa.
361 1083 545 1138 Propter
572 1084 684 1125 hanc
713 1084 878 1126 amoris
896 1084 963 1125 sui
983 1084 1190 1126 fiduciam
1211 1084 1553 1138 modestumque
1572 1096 1839 1138 responsum

149 1154 305 1197 Petrus
336 1166 361 1197 a
393 1154 554 1196 Nonno
588 1155 692 1207 post
724 1154 967 1196 secundam
1000 1154 1088 1209 jam
1122 1154 1219 1209 eJ'us
1248 1155 1492 1197 orationem
1528 1154 1839 1208 „prudens”

150 1227 332 1268 vocatur

197 1299 280 1336 Par.
308 1300 405 1343 XXI,
431 1300 499 1336 97:
547 1298 622 1332 καὶ
647 1302 861 1344 πινυτῷ
883 1297 910 1342 3)
935 1283 1204 1345 παλίνορσος
1232 1296 1342 1344 ἄναξ
1366 1297 1607 1344 μυθήσατο
1635 1299 1805 1346 Πέτρῳ·

209 1365 316 1409 Post
346 1366 523 1420 singula
544 1366 689 1407 autem
713 1364 827 1407 Petri
852 1377 1070 1420 responsa
1092 1369 1155 1409 ter
1177 1365 1399 1409 Dominus
1422 1367 1460 1409 ei
1489 1368 1638 1409 ovium
1663 1378 1840 1409 suarum

150 1449 299 1495 curam
333 1436 524 1487 mandat,
559 1447 621 1478 sc.

192 1525 249 1571 Jo.
277 1524 375 1567 ΧΧΙ,
407 1525 472 1559 15:
522 1520 656 1567 βάσκε
680 1521 736 1557 τά
762 1519 894 1568 ἀρνία
915 1532 1019 1566 μου·

409 1594 473 1630 16:
522 1592 733 1635 ποίμαινε
759 1592 814 1627 τὰ
839 1591 1060 1640 προβάτιά
1086 1605 1176 1637 μου
1202 1592 1242 1638 (h
1259 1593 1309 1633 R:
1335 1591 1570 1640 πρόβατα).

410 1665 475 1700 17:
525 1660 658 1707 βάσκε
671 1662 726 1697 τὰ
740 1661 961 1709 προβάτιά
975 1674 1066 1706 μου
1079 1665 1138 1705 (ht
1157 1662 1404 1710 πράβατα);
1422 1657 1463 1696 et
1476 1653 1594 1709 apud
1609 1655 1840 1697 Nonnum:

166 1764 249 1800 Par.
274 1762 374 1807 XXI,
403 1763 472 1800 89:
521 1761 653 1807 βάσκε
679 1774 758 1805 μοι
785 1758 1012 1810 ἔμφρονας
1038 1761 1203 1810 ἄρνας
1229 1760 1463 1808 ἀσιγήτους
1489 1764 1565 1801 σέο
1591 1762 1759 1810 ῥάβδῳ·

407 1863 476 1898 98:
526 1857 755 1908 ἡμετέρων
780 1862 989 1905 ποὶμαινε
1016 1860 1216 1907 νοήμονα
1241 1861 1388 1898 πώεα
1421 1860 1618 1908 μήλων·

388 1963 476 1998 108:
527 1957 713 2007 οὐρανίῃ
739 1962 950 2005 ποὶμαινε
974 1959 1224 2009 καλαύροπι
1249 1964 1370 2007 μῆλα
1395 1964 1469 1998 καὶ
1497 1960 1645 2010 ἄρνας.

149 2050 297 2093 Primo
340 2051 549 2093 mandato
592 2051 780 2094 Nonnus
830 2052 988 2095 iisdem
1031 2053 1120 2094 fere
1165 2053 1314 2095 verbis
1357 2054 1489 2095 utitur
1530 2056 1663 2108 atque
1707 2066 1842 2097 evan-

149 2122 312 2177 gelium
363 2124 405 2164 et
450 2133 592 2176 agnos
640 2122 858 2177 designat.
897 2128 1091 2179 ’Ἀρνες
1138 2125 1254 2166 enirn
1304 2126 1346 2166 et
1387 2130 1565 2180 ἀρνία
1602 2126 1840 2180 praecipue

146 2204 217 2247 ag
235 2204 260 2234 n
281 2204 306 2234 o
325 2204 346 2235 s
379 2192 642 2247 significant.
676 2190 764 2235 Sed
788 2193 934 2235 addit:
968 2200 1264 2248 ὰσιγήτους
1290 2203 1381 2239 σέο
1406 2202 1606 2251 ῥάβδῳ.
1625 2194 1841 2245 Quamvis

149 2263 265 2305 enirn
299 2263 481 2306 codices
514 2264 648 2318 vulgo
672 2264 907 2307 exhibeant
929 2265 1189 2307 lectionem:
1224 2271 1429 2321 ἀσιγὴτῳ,
1453 2269 1597 2308 tamen
1622 2264 1841 2309 Scheind-

149 2333 382 2376 lerianam:
428 2340 662 2389 ἀσιγὴτους
704 2337 885 2378 secutus
917 2347 1029 2378 sum.
1064 2336 1174 2378 Narn
1209 2349 1297 2378 vox
1328 2343 1589 2391 ιἰσῑγητος
1621 2337 1842 2392 significat

153 2405 198 2445 1:
235 2405 273 2454 „i
294 2415 328 2455 s,
368 2404 436 2446 de
471 2417 498 2459 q
519 2418 590 2447 uo
626 2417 743 2447 non
777 2406 1048 2457 tacetur'’‚
1086 2407 1417 2462 ‚‚insignis'',
1454 2408 1762 2459 ‚‚celeber'’‚
1795 2410 1842 2451 ut

196 2478 279 2515 Par.
304 2478 367 2523 XI,
392 2481 482 2516 227:
532 2480 635 2526 πρὶν
661 2491 742 2526 περ
768 2477 1020 2525 ἀσιγήτο
1036 2493 1050 2515 ι
1066 2493 1089 2516 ο
1117 2479 1368 2526 φανήμεναι
1395 2472 1513 2529 ήμαρ
1540 2478 1774 2529 ὲορτῆς;

149 2539 200 2581 2;
240 2540 330 2590 „is‚
365 2541 469 2593 qui
508 2553 626 2583 non
660 2541 875 2592 tacet''‚
910 2544 956 2584 ut

196 2613 279 2650 Par.
306 2615 364 2657 VI,
396 2616 483 2651 103:
535 2611 774 2661 ἀντιπέρην
800 2611 1007 2663 εὑρόντες
1033 2613 1352 2662 ἀσιγήτοιο
1386 2616 1713 2663 θαλάσσης.

202 2723 230 2768 ¹)
257 2724 315 2761 Cf.
332 2725 466 2771 Chrys.
483 2727 534 2762 M.
550 2727 590 2762 P.
603 2726 649 2763 G.
665 2726 756 2771 LIX,
769 2729 856 2765 479:
876 2727 939 2763 διὰ
952 2734 1060 2763 τοῦτο
1075 2728 1186 2764 πάλιν
1203 2727 1257 2763 ἐπ’
1274 2729 1388 2765 αὐτὸν
1403 2730 1585 2774 (Χριστὸν)
1601 2730 1837 2775 καταφεύγει.

201 2782 230 2827 ⁵)
257 2784 315 2820 Cf.
342 2795 403 2821 no.
429 2786 485 2821 85.

201 2840 229 2886 ³)
258 2843 479 2880 Praeterea:
506 2844 589 2880 Par.
617 2845 656 2887 11,
682 2846 751 2888 72;
778 2846 854 2889 V11,
884 2848 971 2889 1723
1003 2848 1052 2883 cf.
1080 2847 1152 2884 Od.
1180 2848 1202 2891 1,
1233 2849 1298 2883 122
1324 2849 1409 2884 cet..
1436 2848 1705 2893 Compositum
1721 2858 1839 2884 voca-

150 2901 283 2937 bulum
309 2900 549 2946 πινυτόφρων
575 2905 716 2949 legitur
743 2904 824 2940 Par.
850 2904 896 2948 X,
926 2907 992 2942 103
1018 2917 1098 2951 sq.:

432 2961 520 2995 οὐδὲ
546 2974 601 3001 τις
626 2960 827 3005 ἀρπάξειεν
854 2962 943 3008 ἐμὴν
968 2963 1228 3009 πινυτόφρονα
1253 2968 1414 3010 ποίμνην

431 3019 551 3064 χειρὸς
577 3018 640 3064 ἀφ’
670 3018 867 3066 ἡμετέρης;
896 3023 1008 3059 Dion.
1034 3023 1132 3067 XVi,
1162 3026 1249 3060 185:

432 3078 636 3123 σύνδρομος
662 3079 850 3125 ὡμάρτησε
875 3082 975 3117 κύων
1000 3081 1249 3128 πινυτόφρονι
1269 3085 1390 3130 θυμῷ.
