2180 3606
94 1280 146 1323 N.
174 1281 243 1323 91.

1118 195 1200 239 156

309 325 430 367 caeci
474 326 561 367 nati
605 326 737 369 oculo
772 329 925 369 natura
959 339 1047 369 non
1082 327 1249 378 inciso;
1283 326 1390 378 XIX,
1422 328 1451 370 4
1483 328 1538 370 de
1572 327 1775 370 Barabba
1807 326 2003 370 fustibus

310 407 398 437 non
442 407 575 439 caeso
614 409 759 450 neque
803 398 969 449 inciso;
1003 397 1093 448 XX,
1125 398 1155 439 4
1187 397 1241 440 de
1276 397 1490 440 Lucifero.
1526 398 1620 440 I-Ioc
1655 398 1755 440 Ioco
1789 398 1969 452 legitur:

552 470 824 516 νυκτιφανὴς
849 468 1194 518 ἀχάρακτος
1227 468 1402 516 ἑώιος
1432 469 1527 517 ἤιεν
1562 469 1759 518 ἀστήρ.

309 535 390 580 Cui
426 540 738 592 comparentur

355 606 438 643 Par.
466 607 524 650 VI,
550 608 617 643 84:
669 601 767 641 ἀλλ’
798 603 873 642 ὅτε
899 604 1143 654 πορφύρων
1172 608 1412 653 Τιβερηίδα
1437 608 1615 653 γείτονα
1640 605 1804 654 πέτρην

553 677 621 713 85:
672 673 925 723 ἀκροφανὴς
951 674 970 712 ε’
986 676 1094 724 χάρ
1110 676 1209 722 age
1239 676 1471 713 λιπόσκιον
1497 675 1665 725 ὄρθρος
1692 675 1896 722 ὀμίχλην,

355 747 467 783 Dion.
483 748 538 791 III,
551 749 619 784 55:
671 742 772 782 ἀλλ’
802 744 877 783 ὅτε
903 747 1179 797 πορφυρέοιο
1204 748 1322 795 παρὰ
1348 747 1510 795 πτερὸν
1537 746 1729 793 αἴθοπος
1755 744 1906 795 Εὕρου

552 813 620 848 56:
672 808 784 858 ἄκρα
809 824 837 856 χ
852 824 878 847 α
893 824 918 858 ρ
934 824 960 846 α
975 821 1003 847 σ
1015 820 1043 847 σ
1054 824 1079 847 ο
1093 825 1126 856 μ
1142 811 1161 848 ε’
1177 825 1201 848 ν
1215 825 1240 858 η
1254 825 1279 848 ν
1306 808 1391 848 ὑπὸ
1417 811 1599 860 ῥωγάδα
1627 813 1868 860 Τευκρίδος
1882 809 2003 857 Ἴδης

552 878 621 913 57:
671 873 843 923 ὄρθρον
870 874 1160 913 ἀποπτύουσα
1187 876 1305 922 φάνη
1331 877 1653 923 λιμενοσκόπος
1673 874 1795 923 Ἠώς,

551 943 618 978 58;
670 938 915 989 ἀντιπόρου
939 941 1084 986 μέλαν
1110 933 1251 986 οἶδμα
1276 942 1616 988 καταυγάζουσα
1641 941 1886 987 θαλάσσης.

307 1012 387 1055 His
410 1013 588 1056 duobus
612 1014 724 1058 locis
747 1016 930 1058 verbum
962 1024 1204 1072 χαράσσειν
1238 1017 1397 1059 dicitur
1420 1017 1475 1059 de
1498 1017 1635 1060 radiis
1657 1017 1769 1059 solis
1792 1015 1998 1058 nebulam

306 1084 375 1126 vel
399 1095 600 1128 summos
624 1087 797 1141 montes
819 1086 1093 1138 ferientibus,
1117 1088 1283 1142 quibus
1307 1091 1647 1142 purpurascunt.
1677 1087 1806 1131 Unde
1829 1086 2004 1129 Lucifer

306 1155 505 1198 nondum
537 1156 649 1199 solis
682 1157 818 1200 radiis
846 1158 960 1201 ictus
983 1165 1232 1215 ὰχάρακτος
1255 1162 1321 1202 est
1343 1160 1492 1213 itaque
1516 1159 1713 1201 nondum
1739 1158 2000 1213 languescit.

350 1278 656 1328 Ἀκίχητος
682 1305 725 1311 -
753 1281 1104 1332 ἀμάρτυρος
1129 1308 1172 1313 -
1200 1283 1509 1333 ἀπροϊδὴς.

350 1343 617 1393 Ἀκίχητο
633 1361 653 1394 ς
680 1371 722 1377 —-
750 1350 833 1387 Par.
851 1351 875 1394 I,
897 1353 934 1395 1:
961 1351 1036 1396 VII,
1058 1353 1144 1396 123;
1171 1352 1263 1396 VIII,
1282 1353 1347 1396 943
1368 1353 1452 1396 191;
1472 1351 1519 1396 X,
1541 1353 1626 1396 139;
1644 1350 1723 1396 XII,
1741 1353 1782 1396 2;
1800 1350 1894 1394 XIII,
1916 1351 2000 1395 1373

307 1408 404 1452 XIV,
433 1409 494 1453 18;
519 1410 581 1453 53;
608 1409 706 1453 XIX,
735 1411 820 1454 178;
846 1411 926 1446 227.

305 1480 448 1536 Hujus
481 1481 549 1524 vis
583 1482 764 1537 propria
796 1484 884 1525 est:
921 1483 1024 1537 „qui
1058 1480 1233 1537 (manu)
1266 1484 1365 1538 capi
1400 1495 1487 1526 non
1520 1483 1708 1538 potest”.
1743 1481 1817 1526 Sic
1841 1482 2002 1525 dicitur

305 1551 360 1594 de
394 1550 587 1604 Christo,
620 1564 753 1606 quern
788 1552 954 1595 inimici
990 1565 1149 1608 capere
1183 1566 1271 1596 non
1306 1555 1497 1608 possunt
1529 1553 1624 1596 Par.
1658 1553 1742 1605 VII,
1770 1554 1874 1605 123;
1897 1552 1998 1603 VIII,

309 1622 382 1664 191
404 1635 413 1673 ;
445 1622 497 1674 X,
524 1623 628 1675 139;
655 1622 740 1674 XII,
763 1620 858 1677 2¹);
882 1623 1044 1666 deinde
1068 1624 1123 1667 de
1146 1625 1230 1675 via,
1254 1636 1387 1679 quarn
1412 1623 1633 1667 Dominus
1656 1624 1789 1667 faciet
1812 1635 1999 1678 eamque

305 1694 433 1747 sequi
477 1694 688 1749 discipuli
733 1697 961 1748 nequeunt
998 1693 1093 1738 Par.
1127 1694 1230 1746 XIII,
1269 1696 1372 1747 1373
1405 1694 1511 1746 XIV,
1545 1696 1625 1747 53;
1659 1697 1751 1738 tum
1783 1695 1839 1738 de
1873 1707 1999 1746 aevo,

305 1764 427 1818 quod
460 1766 641 1819 assequi
676 1777 807 1808 nemo
840 1768 989 1819 potest

351 1833 434 1870 Par.
461 1834 554 1878 VIII,
576 1835 645 1872 93:
1263 1831 1346 1880 ἕως
1370 1835 1528 1882 χρονίῃ
1552 1834 1671 1881 παρὰ
1697 1831 1835 1881 νύσσῃ

574 1900 643 1936 94:
694 1895 891 1934 ἱππεύων
917 1896 1208 1945 ἀκίχητος
1234 1896 1457 1936 ἑλίσσεται
1484 1895 1746 1944 ἔμπεδος
1772 1897 1932 1935 αἰών.

304 1963 532 2020 DeInceps
573 1965 763 2009 Nonnus
804 1978 961 2009 vocem
1005 1968 1187 2010 adhibet
1229 1968 1284 2010 de
1327 1980 1394 2017 eo,
1434 1967 1509 2022 qui
1544 1969 1690 2010 mente
1722 1967 1999 2022 apprehendi

303 2036 458 2090 nequit
490 2037 516 2078 i.
536 2048 572 2079 e.
607 2037 786 2091 penitus
820 2039 1034 2092 cognosci
1069 2050 1158 2080 non
1193 2040 1353 2094 potest,
1388 2040 1435 2081 ut

303 2116 386 2153 Par.
401 2117 498 2161 XIV,
516 2118 581 2154 18:
607 2114 779 2163 με’ζτρα
805 2115 951 2152 πόθεν
966 2116 1236 2162 δυνάμεσθα
1250 2120 1422 2162 μαθεῖν
1441 2115 1677 2163 ἀκίχητα
1701 2114 1998 2158 κελεύθου,

304 2195 394 2237 quO
428 2184 805 2226 circumscribitur
832 2189 888 2236 Jo.
915 2190 1013 2233 XIV,
1039 2191 1079 2226 5:
1117 2192 1208 2234 πῶς
1234 2186 1426 2233 οἴδαμεν
1451 2187 1531 2234 τὴν
1557 2184 1692 2232 ὁδόν,-

350 2259 433 2296 Par.
459 2259 557 2303 XIX,
586 2260 674 2296 178:
726 2255 842 2293 ἀλλὰ
868 2257 1025 2305 θορὼν
1052 2255 1343 2304 ἀκίχητος
1368 2256 1513 2305 ἀνὴρ
1540 2255 1771 2302 ἀνεμώδεϊ
1791 2256 1928 2304 λόγχῃ

586 2326 676 2361 179:
725 2323 921 2370 πλευρὴν
946 2322 1285 2367 πασιμέλουσαν
1311 2321 1492 2369 ἀφειδέι
1517 2322 1621 2369 νύξε
1646 2323 1868 2371 μαχαίρῃ,·

303 2402 394 2445 quo
428 2391 528 2434 loco
562 2391 679 2434 idem
713 2394 781 2434 est
812 2395 946 2446 atque
981 2392 1218 2447 „Ignotus”
1242 2389 1299 2446 ²);

349 2466 432 2503 Par.
458 2467 483 2510 1,
512 2469 553 2503 1:
594 2461 803 2513 ’Ἀχρονος
827 2456 893 2511 ἦν,
922 2463 1137 2511 ἀκίχητ
1153 2478 1224 2511 ος,
1253 2463 1301 2502 ἐν
1327 2463 1503 2513 ἀρρήτῳ
1529 2464 1632 2511 λόγ
1648 2477 1707 2510 ος
1733 2462 1859 2512 ἀρχῆ»

303 2544 393 2586 quo
425 2532 617 2576 Verbum
651 2532 734 2576 Dei
769 2534 1224 2588 incomprehensibile
1258 2545 1358 2576 esse
1390 2534 1563 2576 dIcitur.

302 2601 416 2645 Deni
455 2615 508 2646 ue

349 2615 553 2717 ParleIX,
579 2674 648 2709 227
663 2685 671 2710 ε
697 2673 771 2707 καὶ
789 2671 925 2708 πάλιν
943 2671 1005 2718 εἰς
1024 2671 1170 2717 δόμον
1186 2662 1301 2717 ἦλθε
1320 2671 1480 2707 λαθὼν
1507 2669 1769 2716 ἀκίχητος
1791 2667 1867 2706 Ἰω
1877 2667 1937 2715 σή
1948 2682 1996 2715 φ,

303 2737 418 2780 idem
453 2738 674 2793 significat
705 2750 756 2781 ac
792 2740 977 2791 „clam‘',
1013 2751 1129 2791 „non
1163 2740 1379 2782 sentiente
1412 2738 1609 2793 aliquo”.
1643 2738 1771 2781 Haud
1804 2749 1938 2781 secus

349 2813 461 2849 Dion.
489 2814 550 2857 IX,
575 2815 643 2851 92:
694 2811 753 2858 ὣς
779 2812 915 2850 εἰπὼν
949 2811 1238 2859 ἀκίχητος
1269 2810 1313 2858 ἐς
1338 2809 1534 2860 οὕρανον
1561 2808 1757 2859 ἔδραμεν
1777 2808 1995 2858 Ἑρμῆς.

345 2871 712 2924 Ἀμάρτυρος
739 2900 781 2905 ——
809 2879 893 2916 Par.
920 2880 960 2923 II,
989 2881 1074 2923 118;
1102 2879 1158 2923 III,
1184 2880 1225 2923 3;
1252 2877 1298 2922 Χ,
1323 2880 1388 2922 33;
1416 2879 1514 2922 XIX,
1540 2879 1628 2921 224;
1654 2876 1738 2921 XX,
1767 2879 1845 2914 105.

355 2971 382 3014 ¹)
409 2972 468 3008 Cf.
495 2973 604 3009 Hom.
631 2973 671 3009 II.
696 2971 811 3016 XVII,
837 2975 905 3010 75:
932 2973 1091 3018 ἀκίχητα
1119 2973 1272 3008 διώκων.

351 3029 381 3073 2)
410 3030 468 3066 Cf.
495 3031 536 3067 K.
564 3032 718 3077 Kuiper,
740 3042 775 3068 0.
790 3033 813 3068 l.
832 3043 868 3077 p.
885 3034 966 3076 351,
984 3034 1049 3077 qui
1069 3034 1157 3069 loco
1176 3034 1334 3069 laudato
1352 3041 1489 3068 vocem
1508 3028 1682 3075 ἀκίχητος
1700 3031 1833 3067 vertit:
1853 3030 1996 3074 „snel'';

301 3090 371 3125 sed
398 3090 491 3125 haec
518 3091 647 3126 versio
674 3092 772 3127 locis
798 3092 994 3136 parallelis
1020 3092 1187 3128 laudatis
1214 3092 1342 3127 minus
1369 3100 1543 3127 consona
1571 3091 1662 3125 mihi
1690 3098 1778 3126 esse
1803 3089 1967 3125 videtur.
