2180 3606
114 1374 164 1416 N.
193 1374 263 1417 56.

1135 170 1217 212 110

326 304 470 358 graeci
505 305 710 346 auctores
743 314 842 344 cum
878 300 952 342 illa
986 299 1201 354 particula
1229 300 1346 342 haud
1370 311 1467 342 raro
1490 298 1783 353 coniungunt.
1807 297 2021 352 Loquitur

326 374 456 429 igitur
478 372 667 416 Nonnus
690 375 732 415 et
751 372 804 414 de
828 370 1036 413 tribunali
1061 372 1103 412 et
1125 369 1180 411 de
1203 369 1314 412 sella
1335 370 1500 424 iudicis
1523 380 1603 424 pro
1626 368 1834 411 tribunali
1859 368 2019 423 posita.

324 444 525 487 Attamen
555 444 750 499 Joannes
784 455 823 484 v.
863 442 913 484 13
945 452 1058 483 voce
1090 448 1142 484 τὸ
1168 450 1288 494 βῆμα
1321 440 1526 490 tribunal,
1561 439 1684 493 quod
1717 440 1785 481 est
1808 449 1910 493 pars
1933 439 2019 481 loci

326 515 553 570 lapidibus
595 514 715 556 strati
759 513 854 555 sive
891 523 974 556 τοῦ
1000 518 1338 567 Λιθοστρώτου,
1368 522 1456 553 ηοη
1490 512 1636 552 autem
1668 509 1832 564 judicis
1864 509 2020 552 sellam

326 587 521 628 indicare
555 585 742 626 videtur.

384 655 572 706 Deinde,
615 656 757 697 utrum
803 651 1007 697 Christus
1045 665 1100 695 an
1135 652 1303 695 Pilatus
1336 653 1500 695 sederit
1532 663 1612 706 pro
1645 650 1868 701 tribunali,
1903 650 2023 705 diju-

325 727 495 769 dicatur
526 725 675 768 verbis
708 740 743 765 v.
768 729 839 765 62:
867 724 1117 772 ἐκάθητο
1141 726 1183 766 et
1205 739 1240 764 v.
1265 729 1335 764 69:
1363 724 1602 761 ἵσταται.
1636 721 1806 764 Etenim
1832 722 2021 775 primum

325 798 379 839 de
413 795 567 847 Pilato,
601 796 784 838 alterum
819 795 873 837 de
898 792 1076 838 Christo
1100 795 1273 836 dicitur.
1307 793 1406 835 Non
1431 794 1562 847 igitur
1584 791 1772 834 Nonnus
1794 791 1899 834 facit
1921 803 2020 834 cum

324 866 554 917 Westcott,
608 865 824 915 l-larnack,
868 864 1013 919 Loisy,
1059 865 1135 918 qui
1180 866 1335 919 putant
1377 864 1595 918 evangelii
1640 864 1762 905 verbi
1811 868 2024 908 ἐκάθισεν

325 938 548 992 objectum
592 948 692 979 esse
736 935 961 980 Christum
1001 936 1309 990 omissumque
1343 946 1443 978 esse
1477 934 1745 976 vocabulum
1787 940 1940 983 αὐτόν,
1976 933 2020 975 id

325 1009 447 1063 quod
481 1008 542 1050 illi
582 1008 817 1062 perhibent
845 1007 1078 1061 evangelio
1102 1005 1215 1048 Petri
1241 1005 1474 1061 etJustino
1498 1005 1651 1046 innixi.
1685 1004 1879 1046 Alterum
1904 1004 2020 1046 enim

325 1080 452 1121 dicit:
485 1089 560 1123 καὶ
584 1084 820 1139 πορφύραν
847 1083 986 1122 αὐτὸν
1007 1085 1304 1133 περιέβαλλον
1329 1086 1404 1121 καὶ
1429 1082 1704 1120 ἐκάθισαν
1731 1080 1905 1119 αὐτὸν
1931 1080 2022 1119 ἐπὶ

323 1158 639 1207 καθέδραν
677 1158 995 1206 κρίσεως’),
1040 1149 1170 1191 alter:
1213 1154 1505 1204 διασύροντες
1544 1152 1683 1191 αὐτὸν
1720 1151 2024 1190 ἐκάθισαν

325 1227 418 1266 ἐπὶ
456 1228 786 1276 βήματος2).
825 1217 914 1262 Sed
949 1222 1133 1274 uterque
1167 1218 1222 1261 de
1255 1218 1442 1261 militum
1477 1217 1779 1259 ludificatione
1813 1217 2021 1270 loquitur.

387 1374 595 1429 Linguae,
639 1386 824 1428 quarum
868 1374 1056 1416 Nonnus
1102 1373 1371 1415 mentionem
1414 1371 1531 1421 facit,
1577 1372 1680 1413 sunt
1711 1373 1823 1413 tres:
1857 1370 2022 1421 Latina,

326 1445 556 1496 Hebraica‚
577 1444 762 1488 Graeca.
782 1444 1040 1488 Sermonem
1060 1444 1242 1485 latinum
1262 1441 1742 1496 dicitThymbriadem‚
1760 1440 2022 1492 Ausonium,

326 1516 539 1567 Latinum,
565 1527 626 1558 SC.
661 1521 744 1557 Par.
771 1520 900 1563 XV111,
926 1521 994 1555 21:
1025 1516 1382 1564 Θυμβριάς*)
1418 1513 1583 1561 αὐδή,
1612 1517 1709 1560 ΧΙΧ,
1739 1518 1827 1553 102:
1855 1518 2023 1550 Λατι-

325 1596 454 1631 vide
480 1596 508 1641 ⁴)
537 1594 654 1641 ἰωῇ,
683 1597 781 1640 ΧΙΧ,
811 1597 899 1632 109:
926 1591 1239 1640 Αὐσονὶῃῦ
1265 1592 1513 1639 γλώσσῃ.
1547 1583 1693 1626 Primo
1713 1582 2023 1637 locoJOannes

327 1659 381 1701 de
414 1670 618 1701 sermone
651 1658 788 1700 latino
823 1669 911 1699 non
947 1657 1165 1710 loquitur3
1198 1657 1335 1698 altero
1370 1666 1521 1697 rursus
1554 1666 1603 1697 se
1628 1655 1760 1697 latine
1785 1654 1908 1708 loqui
1933 1665 2023 1695 non

327 1730 672 1780 commemorat;
715 1728 841 1770 tertio
887 1728 1020 1770 utitur
1060 1727 1284 1769 vocabulo
1331 1731 1715 1780 Ῥωμαϊστϋ).
1748 1724 1814 1767 De
1849 1723 2021 1780 populo

328 1799 527 1845 Romano
570 1799 850 1854 evangelium
886 1798 1083 1852 loquitur
1114 1803 1175 1846 XI,
1201 1803 1269 1838 48:
1296 1796 1642 1844 οἱῬωμαῑοι,
1677 1795 1800 1851 quod
1834 1795 2023 1838 Nonnus

326 1871 454 1913 vertit
494 1876 578 1912 Par.
605 1876 665 1918 Xl,
696 1875 784 1911 196:
824 1869 1036 1918 ἀνέρες
1073 1868 1470 1917 Αὐσονιῆεςῠ.
1513 1867 1756 1910 Vocabulis
1797 1879 1823 1909 a
1859 1866 2022 1909 Nonno

327 1942 540 1984 adhibitis
581 1941 636 1984 ad
680 1941 897 1996 populum
943 1939 1188 1984 Romanum
1233 1939 1421 1994 eJusque
1464 1938 1659 1994 linguam
1699 1938 2022 1993 designandam

328 2015 446 2066 patet
480 2025 578 2055 eum
612 2013 820 2054 varietate
854 2013 895 2053 et
927 2011 1188 2065 antiquitate
1218 2011 1484 2052 delectatum
1509 2022 1608 2052 esse
1632 2021 1753 2052 more
1777 2011 2021 2064 poetarum,

328 2084 403 2137 qui
438 2083 534 2138 ejus
565 2083 842 2137 temporibus
875 2082 1129 2124 floruerunt.
1161 2081 1332 2123 Etenim
1356 2093 1444 2123 vox
1479 2087 1811 2136 Θυμβριάςδ)
1836 2079 2024 2134 pertinet

328 2155 383 2196 ad
425 2153 621 2196 Tiberim
663 2154 847 2195 fluvium
892 2153 1139 2206 eademque
1183 2152 1374 2194 occurrit
1415 2152 1535 2205 apud
1569 2149 1907 2194 Christodorum
1942 2161 2022 2204 pro

329 2224 528 2269 Romano
545 2222 592 2279 ⁹).
625 2230 944 2278 Αὐσονιῆες,
973 2228 1242 2276 Αὐσόνιος
1274 2224 1377 2265 sunt
1405 2223 1585 2264 nomina
1608 2222 1740 2264 ducta
1762 2221 1818 2263 ab
1841 2220 2024 2274 antiqua

329 2295 520 2349 quadam
558 2295 705 2338 Italiae
739 2297 869 2350 gente
888 2291 948 2348 ¹⁰).
994 2303 1255 2347 Λατινίς-
1288 2293 1558 2335 vocabulum
1600 2305 1625 2336 a
1667 2292 1789 2334 Latio
1833 2291 2020 2333 ducitur.

329 2365 533 2410 Ceterum
577 2366 766 2408 Nonnus
810 2365 935 2408 solus
978 2365 1113 2418 idque
1157 2364 1294 2406 semel
1339 2363 1393 2406 de
1437 2364 1544 2405 urbe
1589 2363 1727 2407 Roma
1763 2358 2022 2416 loquitur¹¹)

382 2535 408 2579 ¹)
435 2537 501 2573 Ev.
529 2536 643 2579 Petri,
669 2537 702 2572 7.
1226 2530 1255 2576 ⁶)
1283 2532 1320 2567 ln
1350 2531 1432 2567 Par.
1460 2530 1499 2576 †.

379 2594 408 2639 ²)
431 2596 527 2641 Just.
554 2597 625 2640 Ap.
653 2595 676 2638 l,
705 2596 762 2630 35.
1227 2589 1256 2634 ⁶)
1279 2591 1337 2637 J0.
1363 2589 1463 2634 XlX,
1487 2592 1543 2626 20.

381 2653 408 2698 ³)
437 2655 474 2690 ln
502 2654 585 2690 Par.
613 2652 653 2697 †.
1227 2648 1255 2694 ⁷)
1285 2650 1323 2685 ln
1351 2650 1434 2686 Par.
1463 2647 1502 2693 †.

380 2713 409 2756 ⁴)
437 2714 474 2749 ln
503 2713 586 2749 Par.
615 2711 654 2756 †.

381 2771 410 2815 ⁵)
436 2772 494 2808 Cf.
521 2773 635 2817 Verg.
663 2773 758 2808 Aen.
786 2772 862 2815 Vll,
892 2772 980 2806 151:
1008 2769 1195 2814 Thybrim
1223 2768 1397 2803 fluvium.

381 2830 409 2874 ⁹)
437 2831 629 2867 Christod.
657 2831 794 2876 Ecphr.
822 2831 901 2873 416,
930 2831 1044 2866 Anth.
1071 2839 1158 2873 app.
1185 2829 1241 2871 51,
1271 2830 1300 2863 1.

368 2889 411 2934 ¹⁰)
441 2890 498 2926 Cf.
534 2890 658 2926 Strab.
693 2890 737 2933 V,
774 2901 809 2935 p.
842 2891 911 2925 232
946 2890 982 2924 in
1018 2887 1116 2923 fine:
1155 2886 1221 2930 τὴν
1255 2885 1295 2920 δὲ
1331 2891 1464 2931 συνεχῆ
1497 2885 1611 2931 ταύτῃ
1645 2884 1826 2930 πρότερον
1858 2886 2021 2925 Αὔσονες

330 2948 464 2995 ᾤκουν,
492 2950 672 2994 Apollod.
700 2950 723 2991 1,
749 2950 782 2992 9,
810 2950 877 2985 24:
904 2945 1078 2989 Αὐσόνια,
1104 2947 1206 2991 apud
1234 2946 1325 2989 Liv.,
1344 2946 1470 2991 Verg.,
1489 2944 1614 2988 Ovid.,
1640 2946 1805 2982 Martial.
1832 2946 2023 2988 Ausones,

331 3009 516 3049 Ausonia.
544 3009 729 3052 Ausonis,
756 3009 956 3044 Ausonius
982 3008 1175 3052 leguntur.

364 3065 408 3111 ¹¹)
436 3066 517 3102 Par.
544 3066 643 3110 XIX,
669 3068 716 3103 80
731 3064 770 3110 †.
