2180 3606
961 214 1011 255 17

143 341 258 385 enim
285 342 366 385 fert
393 354 499 386 usus
526 344 752 385 auctorum
784 353 1055 397 graecorum,
1085 343 1130 384 ut
1158 343 1314 396 poetae
1337 340 1649 384 Anacreontei:
1674 351 1716 386 τι
1740 351 1821 398 γὰρ

139 419 372 466 μάχαισι
399 419 564 466 κάμοί
582 409 636 466 1);
665 410 1005 454 Demosthenis:
1025 417 1325 466 διομνύμενος
1338 419 1480 465 μηδὲν
1494 411 1607 455 εἶναι
1627 422 1711 456 σοὶ
1733 423 1820 457 καὶ

141 491 396 537 Φιλίππῳ
433 495 610 538 πρᾶγμα
631 479 688 535 2);
733 479 907 531 QUibUS
951 483 1171 525 consentit
1214 481 1398 524 paulus:
1440 491 1506 536 τίς
1539 490 1619 538 γὰρ
1656 492 1821 537 μετοχὴ

139 559 468 608 δικαιοσύνῃ
491 563 580 597 καὶ
612 558 830 608 ἀνομίᾳ,
857 558 882 606 ἡ
909 561 974 606 τίς
999 562 1210 597 κοινωνία
1237 563 1352 606 φωτὶ
1382 560 1488 608 πρὸς
1514 560 1680 606 σκότος,
1710 554 1735 595 i.
1759 565 1819 595 e.:

141 621 292 673 „Quae
309 624 425 665 enim
446 623 724 678 participatio
747 623 938 678 justitiae
962 634 1062 665 cum
1087 623 1352 677 iniquitate?
1379 621 1462 665 Aut
1486 634 1600 677 quae
1628 624 1820 665 societas

138 693 223 736 luci
261 694 317 737 ad
344 690 666 747 tenebras''³)‘?
697 693 853 747 Neque
888 693 1104 747 excipitur
1137 694 1233 747 ipse
1267 693 1454 736 Nonnus

183 773 264 811 Par.
292 774 388 818 XXI,
418 775 504 811 130:
555 771 662 818 πρὸς
688 771 736 808 σὲ
762 773 805 808 τί
831 776 966 808 τοῦτο
992 772 1115 808 πέλει
1141 761 1197 817 4);
1231 766 1272 806 et

347 845 407 888 lV,
432 846 500 882 37:
549 847 678 879 ποῖον
704 842 837 888 ξυνὸν
863 839 939 888 ε’ἠν
965 843 1260 890 Σαμαρείτιδι
1285 845 1358 879 καὶ
1385 843 1459 879 σέο
1486 841 1656 890 φύτλη,-

128 916 324 971 Joannes
352 928 533 971 quoque
556 915 903 970 Chrysostomus
928 916 1143 971 evangelii
1169 916 1303 958 verba
1321 917 1608 959 accomodate
1628 918 1681 960 ad
1702 918 1816 960 hunc
1838 964 1842 968 ,

134 998 261 1029 usum
298 987 508 1041 loquendi
534 987 725 1041 explicat
740 985 786 1041 ⁵).
811 985 953 1037 Quam
978 987 1334 1042 explanationem
1360 987 1618 1042 Euthymius
1638 1000 1817 1042 quoque

131 1057 384 1113 Zigabenus
402 1057 584 1100 saeculo
603 1070 645 1112 p.
666 1056 766 1101 Chr.
792 1069 832 1099 n.
857 1057 1125 1100 duodecimo
1149 1057 1283 1100 affert.
1302 1055 1387 1108 Qui
1413 1060 1557 1100 tarnen
1582 1059 1711 1101 aliam
1733 1059 1817 1101 loci

132 1127 295 1171 laudati
331 1129 731 1183 interpretationem
767 1127 967 1182 praefert.
1001 1128 1076 1170 Est
1108 1128 1239 1179 enim,
1270 1130 1315 1170 ut
1337 1129 1433 1183 ejus
1455 1128 1535 1171 fert
1559 1129 1726 1183 opinio,
1751 1130 1817 1171 vis

131 1198 363 1241 verborum
398 1198 614 1254 evangelii
650 1199 772 1250 haec,
804 1201 848 1241 ut
871 1199 1166 1253 significatum
1190 1199 1294 1241 velit
1318 1197 1538 1242 Dominus
1563 1211 1707 1253 neque
1730 1200 1815 1242 sibi

131 1280 276 1324 neque
320 1270 441 1312 matri
488 1269 567 1312 sed
611 1269 775 1324 hospiti
815 1281 962 1312 curam
997 1269 1086 1311 vini
1122 1269 1385 1324 providendi
1420 1281 1519 1312 esse
1553 1270 1815 1313 habendam.

129 1349 205 1394 „Ti
230 1346 372 1394 ἡμῖν’,
407 1341 561 1394 inquit,
596 1346 871 1394 „o’cvayxalom
898 1350 997 1396 περὶ
1024 1338 1079 1384 οὗ
1104 1351 1395 1396 παρακαλεῖς,·
1422 1351 1464 1385 τί
1490 1349 1541 1384 τὸ
1559 1354 1817 1395 κατεπεῖγον

127 1416 270 1465 οὕτως
283 1417 418 1466 ἡμᾶς’
431 1408 484 1465 ⁶);
505 1411 700 1454 Eandem
714 1411 1056 1466 explicationem
1072 1411 1258 1454 Nonnus
1272 1412 1504 1466 amplexus
1519 1423 1617 1455 esse
1631 1413 1814 1454 videtur.

185 1481 229 1524 ln
263 1483 344 1524 hac
378 1482 495 1524 enim
529 1482 886 1537 interpretatione
919 1482 1080 1524 vocula
1111 1488 1167 1537 ἠέ
1198 1494 1277 1536 pro
1310 1492 1399 1526 καί
1431 1482 1630 1525 adhiberi
1670 1485 1816 1538 potest

127 1552 200 1594 vix
238 1552 328 1595 ullo
366 1553 608 1595 sententiae
647 1553 916 1596 discrimine.
955 1551 1088 1603 Quod
1126 1553 1226 1596 aliis
1260 1565 1441 1608 quoque
1475 1554 1586 1596 locis
1619 1554 1735 1604 facit,
1771 1556 1815 1595 ut

172 1633 255 1671 Par.
281 1634 326 1678 Χ,
351 1634 420 1671 33:
470 1631 510 1668 εἰ
534 1632 596 1678 μὴ
622 1630 695 1668 ἵνα
720 1631 929 1675 κλέψειεν
955 1630 1211 1680 ἀμιὶρτυρος
1235 1630 1261 1678 ἢ
1286 1634 1360 1668 καὶ
1387 1631 1546 1680 ὀλέσσῃ

348 1705 416 1742 34:
466 1701 522 1749 ὴὲ
549 1701 834 1749 διατμήξειεν
861 1701 1038 1749 ἀφειδέι
1065 1706 1184 1749 μῆλα
1210 1705 1420 1751 μαχαίρῃ,
1455 1697 1496 1738 et

230 1775 322 1820 Vin,
351 1776 416 1813 13:
466 1778 633 1820 μοῦνος
659 1772 743 1820 ἐγὼ
770 1773 897 1815 νοέω,
925 1773 1069 1810 πόθεν
1094 1771 1270 1819 ἤλυθον
1295 1772 1320 1820 ᾗ
1345 1773 1456 1810 ,τόθι
1484 1776 1639 1820 βαίνω,

126 1835 199 1878 ubi
219 1835 497 1891 evangelium
517 1837 729 1892 scriptum
749 1837 904 1879 habet:
938 1843 1011 1881 ἵνα
1028 1844 1171 1891 κλέψῃ
1196 1846 1286 1881 καὶ
1313 1843 1432 1892 θύσῃ
1458 1847 1547 1881 καὶ
1575 1835 1811 1893 ἀπολέσῃἹ)

124 1907 187 1948 et:
219 1913 364 1951 ,τόθεν
389 1905 535 1961 ἦλθον
559 1917 650 1951 καὶ
675 1920 761 1951 ποῦ
789 1912 941 1962 ὑπάγω
962 1904 1008 1961 ⁸).
1033 1907 1133 1949 Noli
1158 1908 1274 1950 enim
1298 1908 1515 1962 suspicari
1542 1920 1621 1962 pro
1644 1915 1691 1962 ἠὲ
1711 1908 1810 1951 loco

124 1976 301 2019 laudato
335 1978 619 2020 scribendum
653 1989 752 2021 esse
787 1984 906 2033 inst,-
938 1979 1046 2021 baec
1081 1979 1197 2021 enim
1226 1978 1385 2021 vocula
1409 1978 1644 2022 Homerica
1662 1979 1808 2022 Nonni

122 2048 398 2102 temporibus
439 2049 527 2104 jam
571 2049 866 2092 obsoleverat.
905 2049 1028 2091 Hanc
1062 2051 1207 2092 autem
1243 2049 1660 2103 interpretationem,
1694 2062 1809 2104 quae

119 2117 206 2172 jam
255 2118 400 2161 Nonni
448 2121 588 2162 aetate
636 2120 834 2162 extitisse
876 2119 1060 2170 videtur,
1108 2122 1239 2174 poeta
1281 2119 1467 2162 fortasse
1511 2122 1691 2163 secutus
1729 2125 1808 2173 est,

121 2191 354 2244 propterea
397 2190 518 2244 quod
557 2189 659 2244 Jesu
703 2190 759 2232 ad
803 2189 986 2232 Mariam
1031 2190 1164 2232 verba
1204 2191 1268 2232 sic
1303 2192 1486 2245 accepta
1520 2192 1665 2234 minus
1700 2191 1807 2234 dura

120 2270 218 2302 esse
251 2260 468 2302 videntur.
503 2257 635 2310 Quod
668 2261 704 2303 si
742 2261 798 2303 ita
831 2262 910 2311 est,
946 2261 1110 2303 cultum
1136 2260 1302 2303 Mariae
1326 2263 1597 2304 crescentem
1624 2262 1806 2305 indicari

119 2330 356 2373 verisimile
389 2333 468 2373 est.

177 2459 403 2504 VocabuIa
446 2464 606 2514 tamen,
640 2474 754 2517 quae
787 2463 842 2505 ad
876 2464 1061 2519 virginis
1093 2463 1258 2506 Mariae
1293 2464 1456 2506 cultum
1491 2466 1622 2518 atque
1662 2465 1803 2507 hono-

118 2542 207 2574 rem
265 2533 495 2586 pertinent,
555 2534 596 2576 in
658 2532 919 2589 Paraphrasi
970 2547 1057 2577 non
1112 2535 1314 2590 leguntur
1366 2535 1448 2577 nisi
1503 2535 1587 2577 hoc
1641 2548 1800 2579 unum:

117 2600 394 2658 ἅνασσαθ).
439 2603 557 2647 Haec
598 2616 698 2657 vox,
742 2617 856 2659 quae
898 2605 1017 2660 apud
1049 2605 1288 2648 Homerum
1322 2605 1511 2647 occurrit
1542 2606 1596 2648 de
1630 2607 1801 2650 deabus

117 2674 362 2728 eademque
405 2675 460 2717 de
493 2674 714 2718 Nausicaa
737 2672 797 2729 ¹⁰),
831 2672 903 2718 cui
937 2675 1122 2730 Ulysses
1155 2676 1320 2718 dubius
1353 2676 1552 2718 divinum
1587 2677 1798 2720 honorem

167 2812 195 2858 ¹)
222 2815 359 2851 Anacr.
386 2814 518 2861 Symp.
544 2815 652 2852 Hem.
677 2817 710 2859 4,
735 2816 768 2859 4,
795 2816 855 2853 ed.
882 2816 925 2853 V.
952 2815 1065 2860 Rose,
1091 2816 1283 2853 Teubner.

166 2871 195 2917 ¹)
222 2873 330 2910 Dem.
357 2873 486 2918 xvm,
511 2875 602 2918 283;
629 2874 678 2911 cf.
706 2875 998 2912 Kiihner-Biass
1025 2875 1065 2918 11,
1094 2877 1107 2910 l
1139 2873 1164 2919 ἓ
1192 2876 1271 2918 423,
1299 2875 1411 2912 Anm.
1436 2876 1493 2912 20.

164 2930 193 2976 ¹)
221 2932 248 2968 11
276 2931 363 2969 Cor.
388 2932 449 2977 vi,
477 2934 531 2969 14.
1009 2932 1036 2977 τ)
1060 2934 1117 2981 Jo.
1144 2934 1189 2977 X,
1218 2935 1271 2970 10.

164 2989 190 3033 ⁴)
217 2989 277 3027 cf.
299 2991 356 3038 Jo.
383 2991 480 3035 xx1,
506 2992 572 3028 22:
598 2993 637 3027 τί
657 2991 750 3036 πρὸς
776 2989 837 3033 σέ,
1007 2991 1036 3036 ³)
1060 2993 1116 3039 Jo.
1144 2993 1237 3035 vni,
1267 2994 1320 3029 14.

164 3046 193 3092 ⁸)
221 3048 279 3085 Cf.
305 3050 357 3086 M.
384 3049 424 3086 Ρ.
452 3048 498 3086 G.
525 3051 610 3095 Lm,
636 3052 716 3087 506.
1004 3050 1030 3090 'i
1058 3051 1141 3088 Par.
1169 3052 1265 3095 XIX,
1295 3053 1361 3088 145
1384 3051 1435 3096 †;
1463 3053 1511 3089 cf.
1539 3063 1573 3088 n.
1599 3054 1655 3089 78.

177 3108 193 3152 )
220 3109 271 3145 Μ.
298 3108 337 3145 Ρ.
364 3107 410 3145 G.
436 3108 604 3153 cxxix,
634 3111 733 3146 1148.
992 3109 1036 3154 ¹⁰)
1064 3110 1122 3147 Cf.
1149 3110 1222 3147 Od.
1249 3111 1308 3155 Vl,
1338 3113 1425 3155 149;
1456 3113 1530 3148 175.

1629 3184 1650 3218 2

1865 2463 1916 2505 Ν.
1950 2465 2013 2507 12.
