2180 3606
963 230 1043 273 115

156 366 286 409 quam
330 354 598 400 Parasceves
642 358 738 400 dies
778 361 1034 412 praecessit,
1070 361 1253 415 primam
1288 360 1518 405 Paschatis
1551 363 1667 405 diem
1701 363 1838 407 fuisse

155 425 270 468 clare
305 427 472 470 indicat

200 506 283 542 Par.
310 507 406 551 ΧΙΧ,
436 509 522 545 161:
549 509 623 543 καὶ
649 508 850 553 ζαμενεῖς
876 506 1028 556 ἱερῆες,
1056 508 1151 546 ἐπεὶ
1175 512 1274 558 περὶ
1301 513 1477 548 δείελον
1503 509 1620 560 ὥρην

436 579 524 616 162;
551 574 696 623 ἔστιχε
725 578 1014 625 μηλοφάγο
1029 593 1078 616 ιο
1108 581 1447 629 προάγγελον
1472 573 1609 631 ἦμαρ
1635 580 1838 631 ἑορτῆς.

153 648 393 703 Postquam
425 651 555 706 igitur
577 652 693 694 circa
716 653 944 695 meridiem
969 655 1188 708 processit
1210 654 1469 707 Parasceve,
1494 667 1680 711 vespere
1702 657 1839 700 adve-

152 720 311 770 niente,
358 721 513 775 incipit
554 721 651 764 dies
692 721 847 775 festus,
893 735 983 778 quo
1029 725 1190 769 ovibus
1232 727 1472 769 vescuntur
1508 726 1677 782 Judaei.
1720 727 1837 771 Idem

152 788 370 833 indicatur
401 796 483 832 Par.
510 796 607 839 xix,
636 797 724 833 168:
1322 789 1375 844 ἦν
1399 799 1481 846 γὰρ
1508 797 1651 846 ἐκείνη

294 871 382 907 169:
430 873 563 905 πᾶσιν
583 868 871 907 Ἰουδαὶοισιν
896 869 1252 919 ἀθέσφατος
1278 870 1535 920 ἔννομος
1560 873 1670 921 ἠὼς

293 942 377 978 170:
429 952 461 985 φ
476 939 495 976 ἐ
509 953 534 986 γ
546 953 571 986 γ
585 952 605 976 ε
620 953 644 976 ο
658 954 678 986 ς
704 938 725 976 ἑ
739 943 766 986 β
781 944 811 977 δ
824 954 848 977 ο
862 955 895 986 ,ιι
911 941 938 977 ά
953 955 977 978 τ
991 955 1016 978 ο
1032 956 1047 978 ι
1062 956 1100 984 ο,
1128 943 1262 991 τόπερ
1288 944 1480 981 &eddam
1504 947 1739 993 γεραίρειν,

149 1018 314 1071 quibus
352 1020 555 1062 versibus
587 1021 961 1064 circumscribitur
989 1027 1045 1073 Jo.
1073 1028 1170 1071 ΧΙΧ,
1196 1028 1235 1063 31
1257 1040 1265 1064 :
1303 1016 1368 1071 ἦν
1406 1027 1511 1074 γὰρ
1549 1027 1776 1074 μεγάλη
1812 1026 1838 1074 ὴ

146 1093 336 1144 ἡμέρα
374 1095 617 1134 ε’κεὶνου
655 1103 759 1135 τοῦ
797 1099 1121 1146 σαββάτου.

206 1169 406 1225 Tempus
440 1183 585 1226 porro,
619 1184 709 1226 quo
742 1172 910 1216 Pilatus
943 1172 1167 1217 Christum
1202 1174 1529 1228 condemnavit,
1562 1178 1681 1231 apud
1714 1177 1838 1220 Non-

149 1253 251 1284 num
285 1241 366 1284 fuit
397 1243 505 1285 hora
536 1243 661 1285 tertia
693 1255 756 1286 sc.

194 1328 277 1365 Par.
301 1327 400 1373 XIX,
424 1329 493 1366 67:
542 1318 594 1373 ἦν
620 1328 672 1364 δὲ
697 1328 984 1375 τιταινομένη
1018 1329 1252 1378 τριτάτη
1282 1331 1681 1379 θανατηφόρος
1715 1330 1836 1381 ὥρη.

148 1407 192 1449 In
234 1407 451 1462 evangelii
496 1408 730 1451 codicibus
773 1409 976 1464 plurimis
1011 1410 1169 1465 legitur
1196 1416 1253 1462 Jo.
1280 1416 1378 1460 XlX,
1407 1417 1472 1452 14:
1510 1411 1629 1462 ὥρα
1666 1406 1730 1460 ἦν
1767 1413 1837 1462 ὡς

147 1482 298 1531 ἕκτη,
343 1479 423 1521 sed
467 1479 511 1520 hr
547 1479 727 1522 exhibet
769 1480 1003 1523 lectionem
1045 1491 1233 1537 τρίτη,
1268 1493 1401 1536 quam
1435 1481 1622 1525 Nonnus
1655 1485 1836 1526 secutus

147 1551 226 1592 est.
269 1548 306 1591 A
339 1550 602 1604 quaestione
636 1551 897 1603 dirimenda,
931 1554 1025 1594 utra
1057 1552 1188 1595 lectio
1223 1552 1512 1608 praeferenda
1545 1554 1614 1604 sit,
1648 1555 1694 1595 ut
1725 1556 1836 1596 tem-

147 1631 303 1674 porum
337 1620 663 1676 descriptiones
691 1621 876 1677 Joannis
905 1634 1004 1664 cum
1028 1627 1146 1664 Marc.
1173 1627 1254 1671 XV,
1280 1628 1348 1664 25:
1374 1622 1435 1671 ἠν
1460 1625 1522 1662 δὲ
1547 1623 1656 1673 ὥρα
1681 1627 1836 1674 τρίτη

147 1691 376 1744 quadrent,
409 1691 593 1734 desisto.
627 1692 797 1735 Etenim
821 1693 876 1735 de
900 1694 982 1735 hac
1006 1694 1269 1748 quaestione
1292 1693 1480 1736 Nonnus
1504 1705 1685 1748 quoque
1707 1695 1834 1737 tacet.

147 1760 242 1803 Hoc
276 1774 410 1804 unum
434 1762 552 1804 addo
575 1761 766 1805 Asianos
789 1763 877 1806 alio
901 1763 1036 1806 modo
1059 1775 1110 1806 ac
1133 1762 1372 1814 Romanos,
1393 1761 1606 1815 Graecos,
1625 1763 1834 1818 Judaeos,

144 1837 170 1873 i.
189 1843 226 1874 e.
268 1844 293 1874 a
335 1832 445 1875 solis
478 1835 573 1875 ortu
608 1845 750 1887 usque
783 1834 838 1876 ad
872 1834 968 1889 eius
1002 1845 1227 1885 occasum,
1261 1834 1394 1876 horas
1426 1834 1513 1876 diei
1549 1836 1834 1888 computasse

146 1914 208 1945 sc.
251 1914 277 1945 a
318 1903 465 1945 media
508 1905 636 1946 nocte
680 1904 723 1945 in
768 1905 957 1947 mediam
1001 1907 1176 1948 noctem
1222 1916 1245 1947 e
1288 1904 1434 1947 Plinio
1465 1904 1564 1960 Jun.
1598 1904 1710 1947 effici
1745 1917 1833 1948 non

146 1984 295 2028 posse.
341 1973 384 2016 In
427 1974 509 2016 hac
551 1976 696 2017 autem
738 1976 956 2018 sententia
998 1977 1101 2018 sunt
1142 1975 1295 2018 Belser
1337 1977 1432 2026 cet.,
1477 1986 1594 2029 quos
1635 1976 1836 2029 sequitur

145 2042 355 2087 Groenen
374 2041 419 2099 ¹).
467 2044 578 2087 Nam
626 2044 755 2087 Plinii
800 2045 898 2100 Jun.
941 2047 1190 2089 avunculus
1233 2046 1404 2089 Plinius
1436 2046 1540 2101 Maj.
1575 2045 1833 2097 „lucubrare

140 2115 459 2158 Vulcanalibus
493 2116 748 2170 incipiebat,
778 2129 866 2159 non
890 2117 1155 2172 auspicandi
1180 2129 1316 2160 causa
1338 2118 1418 2160 sed
1441 2117 1664 2169 studendi,
1686 2118 1832 2160 statim

141 2198 167 2229 a
199 2187 328 2228 nocte
360 2186 509 2237 multa,
543 2187 687 2229 hieme
719 2199 824 2230 vero
857 2188 915 2247 ab¹
947 2189 1053 2232 hora
1087 2189 1290 2243 septima,
1323 2189 1408 2240 vel,
1443 2200 1542 2231 cum
1566 2189 1831 2240 tardissime,

141 2258 310 2308 octava,
353 2268 490 2312 saepe
532 2255 749 2312 sexta'’²),
793 2259 818 2301 i.
838 2271 875 2301 e.
919 2260 1026 2302 hora
1069 2261 1260 2315 septima
1298 2260 1441 2302 noctis
1485 2270 1547 2302 sc.
1592 2260 1700 2301 hora
1741 2258 1831 2302 fere

140 2328 282 2382 prima
329 2329 556 2379 nocturna,
605 2329 641 2371 si
690 2331 885 2372 nostram
933 2332 1181 2385 temporum
1226 2330 1570 2384 descriptionem
1615 2330 1830 2383 sequeris.

140 2396 273 2448 Quod
306 2401 490 2454 apparet
521 2411 576 2442 ex
609 2400 676 2451 iis,
711 2412 825 2454 quae
859 2403 1128 2455 sequuntur:
1165 2401 1293 2454 „Erat
1325 2412 1432 2443 sane
1465 2400 1610 2442 somni
1643 2400 1830 2455 paratis-

139 2469 254 2520 simi,
289 2481 622 2524 nonnumquam
657 2471 786 2513 etiam
821 2472 932 2514 inter
959 2472 1057 2526 ipsa
1089 2473 1237 2515 studia
1270 2471 1474 2514 instantis
1507 2472 1548 2513 et
1571 2471 1828 2514 deserentis.

139 2539 250 2582 Ante
293 2540 435 2583 lucem
474 2541 565 2583 ibat
596 2541 651 2584 ad
684 2540 1008 2597 Vespasianum
1044 2544 1351 2598 imperatorem
1385 2539 1505 2595 (nam
1540 2541 1613 2584 ille
1647 2553 1829 2596 quoque

140 2611 347 2654 noctibus
380 2609 694 2667 utebatur)'’³).
730 2611 976 2669 „Surgebat
1007 2615 1173 2657 aestate
1206 2626 1231 2655 a
1265 2625 1375 2655 cena
1409 2612 1520 2663 luce,
1551 2612 1694 2654 hieme
1718 2612 1830 2654 intra

139 2682 325 2737 primam
350 2682 522 2726 noctis”
540 2680 586 2737 ⁴¹),
611 2684 636 2725 i.
657 2695 693 2726 e.
719 2684 826 2727 hora
848 2684 937 2727 fere
961 2685 1151 2739 septima
1174 2684 1277 2735 diei,
1302 2684 1362 2725 ita
1385 2685 1430 2725 ut
1453 2683 1596 2725 hieme
1621 2683 1830 2726 dormiret

139 2753 195 2795 ab
227 2753 335 2795 hora
356 2754 546 2807 septima
569 2754 918 2808 postmeridiana
940 2767 1083 2809 usque
1106 2755 1161 2797 ad
1185 2755 1337 2796 horam
1361 2753 1449 2796 tere
1474 2754 1659 2807 primam
1683 2755 1828 2797 noctis

139 2824 164 2865 i.
185 2835 221 2865 e.
257 2834 335 2877 per
366 2834 445 2866 sex
477 2824 608 2866 horas
641 2825 889 2868 continuas.
920 2824 1052 2875 Quod
1086 2826 1239 2867 attinet
1268 2823 1322 2866 ad
1351 2836 1506 2866 vocem
1541 2832 1826 2879 δεζίελοςὴ,

138 2895 247 2936 haec
281 2893 447 2936 indicat
477 2896 666 2949 tempus,
698 2896 821 2949 quod
855 2898 921 2939 est
952 2908 977 2938 a
1010 2896 1191 2939 meridie
1226 2906 1369 2949 usque
1403 2895 1458 2937 ad
1491 2906 1737 2949 vesperam.

191 3004 217 3048 ¹)
246 3004 303 3041 Cf.
316 3004 355 3041 Ρ.
366 3003 411 3041 G.
423 3003 614 3048 Groenen,
630 3005 702 3042 Het
716 3006 832 3050 lijden
847 3015 894 3042 en
910 3007 1064 3043 sterven
1080 3015 1154 3042 van
1171 3005 1215 3042 Ο.
1231 3006 1402 3052 1-1.Jezus
1418 3005 1607 3049 Christus,
1622 3016 1657 3050 p.
1672 3006 1736 3042 391
1754 3016 1824 3051 sq..

190 3062 218 3106 ²)
246 3063 342 3100 Plin.
370 3064 436 3109 Ep.
464 3063 519 3107 ΙΙΙ,
543 3065 576 3107 5,
602 3065 635 3101 8.
1242 3063 1270 3107 ⁸)
1299 3064 1394 3100 Plin.
1422 3064 1489 3110 Ep.
1517 3065 1572 3107 ΙΙΙ,
1598 3066 1631 3101 5.
1657 3065 1765 3110 8sq..

189 3122 217 3166 ⁴)
245 3122 341 3159 Plin.
368 3123 435 3168 Ep.
461 3123 516 3167 ΙΙΙ,
541 3124 574 3167 5,
604 3125 668 3167 13;
699 3125 748 3160 cf.
774 3126 894 3161 totam
922 3125 1140 3170 epistolam.
1241 3122 1269 3167 ⁵)
1298 3124 1381 3160 Par.
1408 3116 1505 3167 XIX,
1534 3124 1623 3167 161;
1649 3125 1729 3161 202.
