2180 3606
937 236 986 278 71

122 367 297 421 gaudet,
331 374 412 411 Par.
440 375 537 418 XIX,
565 374 652 410 197:
1032 367 1173 417 αὐτὰρ
1199 367 1465 416 ὁχαὶρων

567 447 656 483 198:
707 443 864 491 νεκρὸν
890 441 1134 488 ἁειζώοντα
1158 440 1347 479 θεουδέι
1373 443 1489 477 δῶκε
1515 442 1663 486 φορῆι,

123 519 308 571 dubitat,
324 526 407 563 Par.
424 527 520 570 XIX,
534 526 615 562 183:
633 522 829 570 Χριστὸν
847 519 867 558 ἑ
877 535 902 557 κ
910 522 945 557 ὼ
954 535 979 557 ν
997 520 1024 557 ἀ
1034 521 1087 558 ἐκ
1095 534 1131 557 ω
1140 535 1165 558 ν
1183 519 1326 568 ἀδίκῳ
1338 519 1596 568 παρέδωκεν
1611 515 1804 564 ὀλέθρῳ.

125 610 213 655 Sed
244 624 342 654 cum
367 612 509 654 soleat
530 622 630 653 esse
653 610 768 652 elato
791 609 939 651 ammo
962 632 1018 636 —
1041 609 1201 651 dicitur
1222 609 1339 650 enim
1371 613 1594 661 αὺχήεις
1618 611 1804 659 ἡγεμο-

126 689 294 736 νεύς1)
329 707 379 711 -
415 681 630 724 interdum
663 679 855 733 depulso
886 680 1043 721 timore
1074 686 1423 734 θρασυεργός
1454 679 1522 720 est
1536 674 1583 730 ²).

936 977 991 1021 G.

470 1119 692 1164 CETERAE
726 1128 919 1163 MINORIS
952 1128 1171 1161 MOMENTI
1206 1125 1462 1161 PERSONAE.

181 1256 247 1300 De
280 1256 473 1306 Malcho,
508 1255 731 1309 pontificis
765 1265 907 1304 servo,
942 1254 1050 1296 haec
1084 1254 1309 1308 leguntur:

120 1357 204 1393 Par.
222 1356 351 1399 xvlll,
375 1357 442 1392 50:
1150 1347 1395 1396 άγχιφανὴς
1421 1349 1472 1385 δὲ

377 1427 444 1462 51:
495 1424 652 1467 Σίμων
678 1413 763 1469 ἆορ
789 1418 905 1467 ἔχων
930 1420 1104 1468 θρασὺς
1129 1417 1331 1457 ἔσπασεν·
1358 1419 1502 1468 ἄνδρα
1528 1420 1580 1456 δὲ
1605 1418 1737 1465 νύξας

377 1497 445 1533 52:
495 1493 654 1541 λάτριν
679 1491 1007 1537 ἀμαιμακέτοιο
1033 1491 1275 1538 διάκτορον
1300 1489 1532 1539 ἀρχιέρῆος

376 1568 444 1603 53:
498 1563 649 1610 δέξιον
676 1555 785 1609 οὖας
810 1559 1001 1607 ἔταμνεν
1026 1560 1266 1609 ἀοσσητῆρι
1290 1560 1472 1609 σιδήρῳ.

377 1639 446 1674 54:
494 1637 569 1671 καὶ
595 1635 718 1681 ξίφεϊ
739 1631 978 1680 πληγέντος
1004 1631 1194 1678 ὀπάονος
1219 1629 1394 1677 οὕνομα
1420 1632 1612 1677 Μάλχου
1632 1632 1677 1678 3).

359 1757 446 1792 123:
496 1755 570 1789 καὶ
598 1751 810 1799 θεράπων
837 1750 981 1799 ἱερῆος
1006 1749 1217 1796 ἀμείβετο
1245 1750 1419 1798 Πέτρον
1444 1748 1637 1797 ἐλέγχων

359 1828 447 1863 124:
497 1823 770 1860 νυκτιπόλου
795 1821 1074 1870 θεράποντος
1100 1818 1321 1867 ὁμόγνιος,
1349 1811 1403 1857 οὗ
1424 1833 1531 1857 ποτε
1557 1822 1711 1865 Σίμων

358 1899 446 1933 125:
496 1894 646 1940 δεξιὸν
672 1883 780 1938 οὖας
805 1889 967 1937 ἕταμνε
992 1891 1217 1940 παρήορον
1244 1890 1344 1939 ἄορι
1369 1889 1502 1937 νύξας
1522 1892 1567 1936 ⁴).

180 1998 372 2041 Primum
407 1998 558 2051 quaeri
593 1998 753 2051 potest,
786 1998 927 2038 utrum
961 2007 1130 2046 servus,
1165 1996 1240 2049 qui
1274 1994 1451 2038 Christo
1483 1995 1657 2048 alapam
1685 1995 1810 2037 duxit

121 2071 164 2112 in
208 2068 359 2111 Annae
402 2069 537 2110 domo
554 2065 601 2121 ⁵),
646 2067 761 2109 idem
805 2067 1011 2109 Malchus
1043 2067 1112 2117 sit,
1146 2067 1216 2108 cui
1250 2065 1405 2108 Petrus
1435 2077 1584 2108 aurem
1618 2066 1811 2108 abscidit

122 2151 276 2182 necne.
311 2138 377 2181 De
411 2139 488 2181 ilIO
515 2139 711 2193 Joanl‘leS
744 2138 873 2180 dICIt:
891 2133 969 2191 Αεἷς
989 2145 1271 2193 παρεστηκὼς
1288 2149 1378 2181 τῶν
1396 2141 1624 2191 ὑπηρετῶν
1642 2140 1810 2180 ἔδωκεν

120 2211 319 2259 ῥάπισμα
345 2217 407 2259 τῷ
420 2208 560 2257 Ἰησοῦ
580 2211 623 2257 ⁶).
644 2207 812 2257 ’Υπηρ
827 2208 960 2256 έτης
993 2208 1018 2250 i.
1038 2220 1075 2250 e.
1110 2208 1307 2250 minister
1329 2208 1459 2262 igitur
1481 2209 1559 2250 est.
1582 2206 1808 2249 Malchum

121 2282 265 2322 autem
310 2290 540 2323 δοῦλον
571 2281 714 2320 vocat.
748 2277 879 2332 Atqui
909 2279 1104 2334 Joannes
1137 2290 1359 2325 δοῦλον,
1394 2279 1420 2320 i.
1439 2290 1475 2321 e.
1508 2289 1698 2328 servum,
1732 2278 1807 2331 qui

122 2353 255 2405 caput
292 2362 380 2392 non
420 2350 564 2400 habet,
608 2361 632 2391 a
676 2350 891 2401 ministro,
935 2351 1009 2403 qui
1051 2352 1117 2392 est
1154 2355 1436 2406 ὑπηρέτης,
1476 2361 1519 2391 re
1558 2348 1809 2391 discernere

122 2422 225 2463 mihi
261 2421 446 2472 Videtur,
481 2423 525 2462 ut
558 2422 676 2474 patet
703 2426 748 2471 Jo
780 2425 908 2468 XVIII,
938 2426 1002 2461 18:
1033 2421 1085 2459 οἱ
1107 2425 1309 2459 δοῦλοι
1334 2426 1427 2457 καῖ
1451 2419 1501 2457 οἱ
1527 2417 1810 2469 ὑπηρέται.

121 2490 249 2533 Haud
283 2492 413 2546 Igitur
443 2492 683 2534 verisimile
716 2494 783 2534 est
815 2491 1015 2533 ministro
1049 2491 1139 2540 illo,
1174 2491 1248 2544 qui
1274 2488 1451 2533 Christo
1473 2489 1648 2543 alapam
1671 2489 1809 2539 duxit,

123 2561 347 2604 Malchum
394 2562 632 2617 designari.
675 2561 875 2604 Attamen
914 2560 1261 2616 chrysostomus
1304 2560 1493 2602 eundem
1538 2571 1637 2602 esse
1669 2560 1808 2601 virum

124 2632 351 2674 contendit
366 2629 414 2686 7).
448 2633 491 2675 In
516 2632 778 2687 Paraphrasi
802 2634 947 2674 autem
971 2632 1177 2674 Malchus
1201 2643 1426 2684 nunquam
1451 2641 1615 2684 δοῦλος
1637 2630 1809 2680 dicitur,

121 2702 199 2744 Sed
236 2710 462 2758 λάτρις,
490 2711 804 2758 διάκτορος,
831 2709 1029 2752 ὀπάων,
1057 2709 1329 2757 θεράπων,
1368 2703 1409 2743 et
1431 2702 1508 2751 Vir,
1533 2701 1608 2754 qui
1633 2699 1809 2744 Christo

121 2784 173 2814 os
207 2773 347 2822 laesit,
381 2781 712 2829 διάκτορος
744 2776 785 2815 et
817 2781 1028 2829 λάτρις
1061 2774 1243 2814 vocatur

174 2947 199 2990 ¹)
230 2947 311 2983 Par.
337 2946 467 2991 XVIII,
497 2950 582 2991 131;
608 2947 708 2991 XIX,
738 2948 815 2983 163.
1021 2946 1049 2990 1⁵)
1077 2946 1136 2983 cf.
1162 2947 1245 2982 Par.
1269 2945 1400 2990 XVIII,
1429 2948 1494 2983 105
1506 2955 1603 2989 sqq..

174 3004 201 3049 2>
230 3006 313 3042 Par.
338 3005 439 3050 X1X,
463 3007 510 3043 68
524 3005 563 3050 †.
1017 3005 1046 3048 ὃ)
1070 3007 1127 3053 Jo.
1152 3004 1282 3048 Χνιιι,
1308 3006 1365 3041 23,

175 3064 203 3108 3)
232 3065 290 3101 ef.
312 3066 368 3112 Jo.
395 3064 524 3109 va,
553 3067 606 3102 10.
1015 3064 1042 3108 τ)
1071 3064 1131 3100 ef.
1159 3065 1210 3100 M.
1237 3064 1278 3100 Ρ.
1304 3062 1351 3100 G.
1378 3062 1468 3107 LIX,
1494 3064 1574 3099 449.

172 3123 200 3166 ⁴)
228 3123 287 3160 Cf.
311 3124 368 3170 10.
395 3122 524 3167 xvln,
549 3125 606 3160 26.

1872 1262 1922 1304 N.
1947 1262 2016 1304 34.
