<?xml version="1.0" encoding="UTF-8"?>
<!DOCTYPE html PUBLIC "-//W3C//DTD XHTML 1.0 Transitional//EN"
    "http://www.w3.org/TR/xhtml1/DTD/xhtml1-transitional.dtd">
<html xmlns="http://www.w3.org/1999/xhtml" xml:lang="en" lang="en">
 <head>
  <title>
</title>
<meta http-equiv="Content-Type" content="text/html;charset=utf-8" />
  <meta name='ocr-system' content='tesseract 3.04.00' />
  <meta name='ocr-capabilities' content='ocr_page ocr_carea ocr_par ocr_line ocrx_word'/>
</head>
<body>
  <div class='ocr_page' id='page_1' title='image "./quaestionesnonni00preluoft_0103.png"; bbox 0 0 2180 3606; ppageno 0'>
   <div class='ocr_carea' id='block_1_1' title="bbox 935 220 990 261">
    <p class='ocr_par' dir='ltr' id='par_1_1' title="bbox 935 220 990 261">
     <span class='ocr_line' id='line_1_1' title="bbox 935 220 990 261; baseline 0 0"><span class='ocrx_word' id='word_1_1' title='bbox 935 220 990 261; x_wconf 84' lang='lat'><strong>85</strong></span> 
     </span>
    </p>
   </div>
   <div class='ocr_carea' id='block_1_2' title="bbox 119 345 1802 621">
    <p class='ocr_par' dir='ltr' id='par_1_2' title="bbox 119 345 1802 545">
     <span class='ocr_line' id='line_1_2' title="bbox 120 345 1802 404; baseline -0.004 -11"><span class='ocrx_word' id='word_1_2' title='bbox 120 350 380 404; x_wconf 86' lang='lat' dir='ltr'><strong>Discipulos</strong></span> <span class='ocrx_word' id='word_1_3' title='bbox 413 353 557 392; x_wconf 87' lang='lat' dir='ltr'><strong>autem</strong></span> <span class='ocrx_word' id='word_1_4' title='bbox 591 347 814 392; x_wconf 84' lang='lat' dir='ltr'><strong>Christum</strong></span> <span class='ocrx_word' id='word_1_5' title='bbox 850 350 892 390; x_wconf 94' lang='lat' dir='ltr'><strong>in</strong></span> <span class='ocrx_word' id='word_1_6' title='bbox 926 349 1098 391; x_wconf 86' lang='lat' dir='ltr'><strong>hortum</strong></span> <span class='ocrx_word' id='word_1_7' title='bbox 1131 348 1258 402; x_wconf 89' lang='lat' dir='ltr'><strong>sequi</strong></span> <span class='ocrx_word' id='word_1_8' title='bbox 1286 347 1443 396; x_wconf 86' lang='lat' dir='ltr'><strong>solere,</strong></span> <span class='ocrx_word' id='word_1_9' title='bbox 1469 346 1589 399; x_wconf 90' lang='lat' dir='ltr'><strong>quod</strong></span> <span class='ocrx_word' id='word_1_10' title='bbox 1609 345 1802 399; x_wconf 88' lang='lat' dir='ltr'><strong>Joannes</strong></span> 
     </span>
     <span class='ocr_line' id='line_1_3' title="bbox 120 421 1802 475; baseline -0.002 -13"><span class='ocrx_word' id='word_1_11' title='bbox 120 421 323 475; x_wconf 76' lang='lat' dir='ltr'>exprimit</span> <span class='ocrx_word' id='word_1_12' title='bbox 340 421 505 463; x_wconf 76' lang='lat' dir='ltr'><strong>verbis:</strong></span> <span class='ocrx_word' id='word_1_13' title='bbox 525 426 594 464; x_wconf 83' lang='grc' dir='ltr'><strong>ὅτι</strong></span> <span class='ocrx_word' id='word_1_14' title='bbox 611 427 824 473; x_wconf 77' lang='grc' dir='ltr'><strong><em>πολλάκις</em></strong></span> <span class='ocrx_word' id='word_1_15' title='bbox 840 426 1044 473; x_wconf 74' lang='grc' dir='ltr'><em>συνήχθη</em></span> <span class='ocrx_word' id='word_1_16' title='bbox 1058 425 1221 474; x_wconf 89' lang='grc' dir='ltr'><em>Ἰησοῦς</em></span> <span class='ocrx_word' id='word_1_17' title='bbox 1239 424 1329 463; x_wconf 69' lang='grc' dir='ltr'><em>ἐκεῖ</em></span> <span class='ocrx_word' id='word_1_18' title='bbox 1344 425 1458 470; x_wconf 78' lang='grc' dir='ltr'><em>μετὰ</em></span> <span class='ocrx_word' id='word_1_19' title='bbox 1476 428 1566 460; x_wconf 85' lang='grc' dir='ltr'><em>τῶν</em></span> <span class='ocrx_word' id='word_1_20' title='bbox 1583 426 1802 469; x_wconf 72' lang='grc' dir='ltr'><em>μαθητῶν</em></span> 
     </span>
     <span class='ocr_line' id='line_1_4' title="bbox 119 486 1672 545; baseline -0.005 -11"><span class='ocrx_word' id='word_1_21' title='bbox 119 497 259 535; x_wconf 72' lang='grc' dir='ltr'><em>αὑτοῦ</em></span> <span class='ocrx_word' id='word_1_22' title='bbox 279 500 320 545; x_wconf 88' lang='lat'><strong>¹),</strong></span> <span class='ocrx_word' id='word_1_23' title='bbox 352 491 651 545; x_wconf 80' lang='lat' dir='ltr'><strong>paraphrasta,</strong></span> <span class='ocrx_word' id='word_1_24' title='bbox 685 491 799 532; x_wconf 91' lang='lat' dir='ltr'><strong>sicut</strong></span> <span class='ocrx_word' id='word_1_25' title='bbox 833 490 972 532; x_wconf 88' lang='lat' dir='ltr'><strong>Lucas</strong></span> <span class='ocrx_word' id='word_1_26' title='bbox 989 487 1036 544; x_wconf 79' lang='lat'><strong>²),</strong></span> <span class='ocrx_word' id='word_1_27' title='bbox 1070 501 1185 531; x_wconf 90' lang='lat' dir='ltr'><strong>nova</strong></span> <span class='ocrx_word' id='word_1_28' title='bbox 1217 488 1435 531; x_wconf 91' lang='lat' dir='ltr'><strong>sententia</strong></span> <span class='ocrx_word' id='word_1_29' title='bbox 1468 486 1672 540; x_wconf 81' lang='lat' dir='ltr'>exprimit</span> 
     </span>
    </p>

    <p class='ocr_par' dir='ltr' id='par_1_3' title="bbox 166 569 1648 621">
     <span class='ocr_line' id='line_1_5' title="bbox 166 569 1648 621; baseline -0.004 -8"><span class='ocrx_word' id='word_1_30' title='bbox 166 577 248 613; x_wconf 86' lang='lat' dir='ltr'><strong>Par.</strong></span> <span class='ocrx_word' id='word_1_31' title='bbox 276 578 404 621; x_wconf 91' lang='lat' dir='ltr'>XVIII,</span> <span class='ocrx_word' id='word_1_32' title='bbox 433 579 497 614; x_wconf 83' lang='lat'><strong>10:</strong></span> <span class='ocrx_word' id='word_1_33' title='bbox 1251 576 1373 609; x_wconf 76' lang='grc' dir='ltr'><em>κεῖθι</em></span> <span class='ocrx_word' id='word_1_34' title='bbox 1398 574 1472 608; x_wconf 80' lang='grc' dir='ltr'><em>καὶ</em></span> <span class='ocrx_word' id='word_1_35' title='bbox 1499 569 1648 608; x_wconf 83' lang='grc' dir='ltr'><em>αὐτῶν</em></span> 
     </span>
    </p>
   </div>
   <div class='ocr_carea' id='block_1_3' title="bbox 435 640 1643 693">
    <p class='ocr_par' dir='ltr' id='par_1_4' title="bbox 435 640 1643 693">
     <span class='ocr_line' id='line_1_6' title="bbox 435 640 1643 693; baseline -0.003 -11"><span class='ocrx_word' id='word_1_36' title='bbox 435 649 497 684; x_wconf 85' lang='grc'><strong>]1;</strong></span> <span class='ocrx_word' id='word_1_37' title='bbox 547 644 766 691; x_wconf 85' lang='grc' dir='ltr'><em>σύννομος</em></span> <span class='ocrx_word' id='word_1_38' title='bbox 793 643 1051 693; x_wconf 76' lang='grc' dir='ltr'><em>ἀγρομένων</em></span> <span class='ocrx_word' id='word_1_39' title='bbox 1078 643 1283 689; x_wconf 76' lang='grc' dir='ltr'><strong><em>αὐλίζετο</em></strong></span> <span class='ocrx_word' id='word_1_40' title='bbox 1310 644 1416 689; x_wconf 87' lang='grc' dir='ltr'><em>λαὸς</em></span> <span class='ocrx_word' id='word_1_41' title='bbox 1441 640 1643 690; x_wconf 76' lang='grc' dir='ltr'><em>ἑταίρων.</em></span> 
     </span>
    </p>
   </div>
   <div class='ocr_carea' id='block_1_4' title="bbox 118 725 1804 922">
    <p class='ocr_par' dir='ltr' id='par_1_5' title="bbox 118 725 1804 922">
     <span class='ocr_line' id='line_1_7' title="bbox 119 725 1804 780; baseline 0 -12"><span class='ocrx_word' id='word_1_42' title='bbox 119 726 285 768; x_wconf 83' lang='lat' dir='ltr'><strong>Eodem</strong></span> <span class='ocrx_word' id='word_1_43' title='bbox 320 728 545 780; x_wconf 88' lang='lat' dir='ltr'><strong>praeterea</strong></span> <span class='ocrx_word' id='word_1_44' title='bbox 575 726 711 767; x_wconf 88' lang='lat' dir='ltr'><strong>verbo</strong></span> <span class='ocrx_word' id='word_1_45' title='bbox 746 732 933 779; x_wconf 72' lang='grc' dir='ltr'><em>αὺλίζε</em></span> <span class='ocrx_word' id='word_1_46' title='bbox 946 737 1079 770; x_wconf 71' lang='grc' dir='ltr'><em>σθαι,</em></span> <span class='ocrx_word' id='word_1_47' title='bbox 1111 726 1243 767; x_wconf 87' lang='lat' dir='ltr'><strong>utitur</strong></span> <span class='ocrx_word' id='word_1_48' title='bbox 1275 725 1438 767; x_wconf 89' lang='lat' dir='ltr'><strong>Lucas:</strong></span> <span class='ocrx_word' id='word_1_49' title='bbox 1479 734 1556 778; x_wconf 72' lang='grc' dir='ltr'><strong>τας</strong></span> <span class='ocrx_word' id='word_1_50' title='bbox 1574 732 1626 769; x_wconf 76' lang='grc' dir='ltr'><strong>δὲ</strong></span> <span class='ocrx_word' id='word_1_51' title='bbox 1644 730 1804 777; x_wconf 79' lang='grc' dir='ltr'><em>νύκτας</em></span> 
     </span>
     <span class='ocr_line' id='line_1_8' title="bbox 118 794 1804 852; baseline -0.002 -12"><span class='ocrx_word' id='word_1_52' title='bbox 118 803 406 852; x_wconf 73' lang='grc' dir='ltr'><em>ἐξερχόμενος</em></span> <span class='ocrx_word' id='word_1_53' title='bbox 431 802 691 850; x_wconf 79' lang='grc' dir='ltr'><strong><em>ηὐλίζετο</em></strong></span> <span class='ocrx_word' id='word_1_54' title='bbox 718 804 779 850; x_wconf 82' lang='grc' dir='ltr'><em>εἰς</em></span> <span class='ocrx_word' id='word_1_55' title='bbox 797 805 848 841; x_wconf 88' lang='grc' dir='ltr'><strong>τὸ</strong></span> <span class='ocrx_word' id='word_1_56' title='bbox 867 803 968 852; x_wconf 85' lang='grc' dir='ltr'><em>ὄρος</em></span> <span class='ocrx_word' id='word_1_57' title='bbox 987 804 1036 840; x_wconf 85' lang='grc' dir='ltr'><strong>τὸ</strong></span> <span class='ocrx_word' id='word_1_58' title='bbox 1055 804 1335 847; x_wconf 86' lang='grc' dir='ltr'><em>καλούμενον</em></span> <span class='ocrx_word' id='word_1_59' title='bbox 1354 802 1517 841; x_wconf 80' lang='grc' dir='ltr'><em>ἑλαίων</em></span> <span class='ocrx_word' id='word_1_60' title='bbox 1535 804 1578 850; x_wconf 82' lang='lat'><strong>⁸).</strong></span> <span class='ocrx_word' id='word_1_61' title='bbox 1597 794 1804 849; x_wconf 80' lang='lat' dir='ltr'><strong>Denique</strong></span> 
     </span>
     <span class='ocr_line' id='line_1_9' title="bbox 118 866 1802 922; baseline -0.001 -13"><span class='ocrx_word' id='word_1_62' title='bbox 118 868 253 909; x_wconf 87' lang='lat' dir='ltr'><strong>verba</strong></span> <span class='ocrx_word' id='word_1_63' title='bbox 288 867 508 921; x_wconf 89' lang='lat' dir='ltr'><strong>Joannea:</strong></span> <span class='ocrx_word' id='word_1_64' title='bbox 550 872 575 911; x_wconf 84' lang='grc' dir='ltr'><strong>ὁ</strong></span> <span class='ocrx_word' id='word_1_65' title='bbox 600 874 878 922; x_wconf 70' lang='grc' dir='ltr'><em>παραδιδοὺς</em></span> <span class='ocrx_word' id='word_1_66' title='bbox 905 872 1043 911; x_wconf 75' lang='grc' dir='ltr'><em>αὐτόν</em></span> <span class='ocrx_word' id='word_1_67' title='bbox 1060 875 1088 921; x_wconf 88' lang='lat'><strong>⁴)</strong></span> <span class='ocrx_word' id='word_1_68' title='bbox 1127 866 1314 908; x_wconf 88' lang='lat' dir='ltr'><strong>Nonnus</strong></span> <span class='ocrx_word' id='word_1_69' title='bbox 1347 878 1435 908; x_wconf 93' lang='lat' dir='ltr'><strong>non</strong></span> <span class='ocrx_word' id='word_1_70' title='bbox 1469 866 1802 909; x_wconf 75' lang='lat' dir='ltr'><strong>circumscribit.</strong></span> 
     </span>
    </p>
   </div>
   <div class='ocr_carea' id='block_1_5' title="bbox 118 1007 1801 1122">
    <p class='ocr_par' dir='ltr' id='par_1_6' title="bbox 118 1007 1801 1122">
     <span class='ocr_line' id='line_1_10' title="bbox 176 1007 1801 1064; baseline -0.001 -14"><span class='ocrx_word' id='word_1_71' title='bbox 176 1007 242 1050; x_wconf 91' lang='lat' dir='ltr'><strong>De</strong></span> <span class='ocrx_word' id='word_1_72' title='bbox 284 1009 390 1051; x_wconf 92' lang='lat' dir='ltr'><strong>viris</strong></span> <span class='ocrx_word' id='word_1_73' title='bbox 432 1020 582 1064; x_wconf 86' lang='lat' dir='ltr'><strong>agens,</strong></span> <span class='ocrx_word' id='word_1_74' title='bbox 626 1009 701 1062; x_wconf 92' lang='lat' dir='ltr'><strong>qui</strong></span> <span class='ocrx_word' id='word_1_75' title='bbox 745 1009 787 1050; x_wconf 95' lang='lat' dir='ltr'><strong>in</strong></span> <span class='ocrx_word' id='word_1_76' title='bbox 831 1009 957 1050; x_wconf 87' lang='lat' dir='ltr'><strong>horto</strong></span> <span class='ocrx_word' id='word_1_77' title='bbox 1001 1007 1240 1049; x_wconf 90' lang='lat' dir='ltr'><strong>Dominum</strong></span> <span class='ocrx_word' id='word_1_78' title='bbox 1281 1010 1505 1062; x_wconf 86' lang='lat' dir='ltr'><strong>ceperunt,</strong></span> <span class='ocrx_word' id='word_1_79' title='bbox 1538 1007 1725 1050; x_wconf 93' lang='lat' dir='ltr'><strong>Nonnus</strong></span> <span class='ocrx_word' id='word_1_80' title='bbox 1759 1007 1801 1048; x_wconf 93' lang='lat' dir='ltr'><strong>in</strong></span> 
     </span>
     <span class='ocr_line' id='line_1_11' title="bbox 118 1079 1190 1122; baseline -0.001 -1"><span class='ocrx_word' id='word_1_81' title='bbox 118 1080 273 1121; x_wconf 92' lang='lat' dir='ltr'><strong>mirum</strong></span> <span class='ocrx_word' id='word_1_82' title='bbox 308 1091 496 1122; x_wconf 87' lang='lat' dir='ltr'><strong>errorem</strong></span> <span class='ocrx_word' id='word_1_83' title='bbox 531 1079 697 1121; x_wconf 82' lang='lat' dir='ltr'><strong>incidit.</strong></span> <span class='ocrx_word' id='word_1_84' title='bbox 732 1079 875 1121; x_wconf 81' lang='lat' dir='ltr'>Habet</span> <span class='ocrx_word' id='word_1_85' title='bbox 907 1081 1023 1121; x_wconf 90' lang='lat' dir='ltr'><strong>enim</strong></span> <span class='ocrx_word' id='word_1_86' title='bbox 1058 1079 1190 1120; x_wconf 86' lang='lat' dir='ltr'><strong>haec:</strong></span> 
     </span>
    </p>
   </div>
   <div class='ocr_carea' id='block_1_6' title="bbox 116 1167 1723 1430">
    <p class='ocr_par' dir='ltr' id='par_1_7' title="bbox 116 1167 1723 1430">
     <span class='ocr_line' id='line_1_12' title="bbox 116 1167 1612 1216; baseline -0.001 -9"><span class='ocrx_word' id='word_1_87' title='bbox 116 1173 198 1208; x_wconf 83' lang='lat' dir='ltr'><strong>Par.</strong></span> <span class='ocrx_word' id='word_1_88' title='bbox 218 1173 345 1215; x_wconf 90' lang='lat' dir='ltr'>XVIII,</span> <span class='ocrx_word' id='word_1_89' title='bbox 368 1174 430 1208; x_wconf 87' lang='lat'><strong>12:</strong></span> <span class='ocrx_word' id='word_1_90' title='bbox 479 1172 553 1206; x_wconf 85' lang='grc' dir='ltr'><em>καὶ</em></span> <span class='ocrx_word' id='word_1_91' title='bbox 580 1169 772 1216; x_wconf 87' lang='grc' dir='ltr'><em>στρατὸν</em></span> <span class='ocrx_word' id='word_1_92' title='bbox 798 1167 1044 1216; x_wconf 83' lang='grc' dir='ltr'><em>ἀσπιστῆρα</em></span> <span class='ocrx_word' id='word_1_93' title='bbox 1070 1167 1338 1215; x_wconf 79' lang='grc' dir='ltr'><strong>δεδεγμένος</strong></span> <span class='ocrx_word' id='word_1_94' title='bbox 1364 1167 1612 1216; x_wconf 82' lang='grc' dir='ltr'><em>ἀρχιερῆων</em></span> 
     </span>
     <span class='ocr_line' id='line_1_13' title="bbox 367 1236 1707 1288; baseline -0.002 -10"><span class='ocrx_word' id='word_1_95' title='bbox 367 1246 429 1279; x_wconf 88' lang='lat'><strong>13:</strong></span> <span class='ocrx_word' id='word_1_96' title='bbox 479 1243 552 1277; x_wconf 79' lang='grc' dir='ltr'><em>καὶ</em></span> <span class='ocrx_word' id='word_1_97' title='bbox 578 1240 720 1277; x_wconf 86' lang='grc' dir='ltr'><em>πολὺν</em></span> <span class='ocrx_word' id='word_1_98' title='bbox 746 1239 1008 1288; x_wconf 77' lang='grc' dir='ltr'><em>οἰστρήεντα</em></span> <span class='ocrx_word' id='word_1_99' title='bbox 1033 1236 1131 1287; x_wconf 88' lang='grc' dir='ltr'><em>παρ’</em></span> <span class='ocrx_word' id='word_1_100' title='bbox 1164 1238 1422 1287; x_wconf 78' lang='grc' dir='ltr'><em>ἀρχεκάκων</em></span> <span class='ocrx_word' id='word_1_101' title='bbox 1449 1241 1707 1287; x_wconf 80' lang='grc' dir='ltr'><em>Φαρισαίων</em></span> 
     </span>
     <span class='ocr_line' id='line_1_14' title="bbox 366 1306 1723 1359; baseline -0.002 -10"><span class='ocrx_word' id='word_1_102' title='bbox 366 1315 429 1350; x_wconf 82' lang='grc'><strong>14;</strong></span> <span class='ocrx_word' id='word_1_103' title='bbox 480 1310 736 1359; x_wconf 78' lang='grc' dir='ltr'><em>σύνδρομον</em></span> <span class='ocrx_word' id='word_1_104' title='bbox 763 1309 903 1347; x_wconf 77' lang='grc' dir='ltr'><strong><em>ἄλλον</em></strong></span> <span class='ocrx_word' id='word_1_105' title='bbox 929 1308 1044 1357; x_wconf 78' lang='grc' dir='ltr'><em>ἔχων</em></span> <span class='ocrx_word' id='word_1_106' title='bbox 1069 1310 1378 1359; x_wconf 85' lang='grc' dir='ltr'><em>κορυνηφόρον</em></span> <span class='ocrx_word' id='word_1_107' title='bbox 1404 1307 1541 1354; x_wconf 80' lang='grc' dir='ltr'><em>ἐσμὸν</em></span> <span class='ocrx_word' id='word_1_108' title='bbox 1567 1306 1723 1355; x_wconf 87' lang='grc' dir='ltr'><em>ὁδίτην</em></span> 
     </span>
     <span class='ocr_line' id='line_1_15' title="bbox 366 1377 1650 1430; baseline -0.002 -10"><span class='ocrx_word' id='word_1_109' title='bbox 366 1387 429 1421; x_wconf 90' lang='lat'><strong>15:</strong></span> <span class='ocrx_word' id='word_1_110' title='bbox 480 1381 651 1428; x_wconf 74' lang='grc' dir='ltr'><em>ἤλυθεν</em></span> <span class='ocrx_word' id='word_1_111' title='bbox 677 1381 1043 1430; x_wconf 81' lang='grc' dir='ltr'><em>ἀλλοπρόσαλλος</em></span> <span class='ocrx_word' id='word_1_112' title='bbox 1069 1380 1112 1427; x_wconf 80' lang='grc' dir='ltr'><strong>ἐς</strong></span> <span class='ocrx_word' id='word_1_113' title='bbox 1137 1380 1293 1428; x_wconf 77' lang='grc' dir='ltr'><em>ἠθάδα</em></span> <span class='ocrx_word' id='word_1_114' title='bbox 1317 1386 1455 1427; x_wconf 84' lang='grc' dir='ltr'><em>κῆπον</em></span> <span class='ocrx_word' id='word_1_115' title='bbox 1477 1377 1650 1425; x_wconf 83' lang='grc' dir='ltr'><em>Ἰούδας</em></span> 
     </span>
    </p>
   </div>
   <div class='ocr_carea' id='block_1_7' title="bbox 370 1449 1182 1501">
    <p class='ocr_par' dir='ltr' id='par_1_8' title="bbox 370 1449 1182 1501">
     <span class='ocr_line' id='line_1_16' title="bbox 370 1449 1182 1501; baseline -0.004 -9"><span class='ocrx_word' id='word_1_116' title='bbox 370 1457 433 1492; x_wconf 88' lang='grc'><strong>16;</strong></span> <span class='ocrx_word' id='word_1_117' title='bbox 484 1452 643 1499; x_wconf 88' lang='grc' dir='ltr'><em>τεύχεα</em></span> <span class='ocrx_word' id='word_1_118' title='bbox 669 1456 744 1490; x_wconf 84' lang='grc' dir='ltr'><em>καὶ</em></span> <span class='ocrx_word' id='word_1_119' title='bbox 770 1456 1028 1501; x_wconf 80' lang='grc' dir='ltr'><em>λαμπτῆρας</em></span> <span class='ocrx_word' id='word_1_120' title='bbox 1054 1449 1182 1499; x_wconf 78' lang='grc' dir='ltr'><em>ἔχων.</em></span> 
     </span>
    </p>
   </div>
   <div class='ocr_carea' id='block_1_8' title="bbox 113 1538 1806 2796">
    <p class='ocr_par' dir='ltr' id='par_1_9' title="bbox 113 1538 1806 2796">
     <span class='ocr_line' id='line_1_17' title="bbox 117 1538 1806 1596; baseline 0 -14"><span class='ocrx_word' id='word_1_121' title='bbox 117 1540 160 1582; x_wconf 88' lang='lat' dir='ltr'><strong>In</strong></span> <span class='ocrx_word' id='word_1_122' title='bbox 194 1540 427 1596; x_wconf 83' lang='lat' dir='ltr'><strong>evangelio</strong></span> <span class='ocrx_word' id='word_1_123' title='bbox 459 1541 604 1582; x_wconf 70' lang='lat' dir='ltr'><strong>autem</strong></span> <span class='ocrx_word' id='word_1_124' title='bbox 640 1539 818 1594; x_wconf 70' lang='lat' dir='ltr'><strong>legitur:</strong></span> <span class='ocrx_word' id='word_1_125' title='bbox 846 1544 894 1584; x_wconf 77' lang='lat'><strong>‘0</strong></span> <span class='ocrx_word' id='word_1_126' title='bbox 919 1538 1002 1584; x_wconf 75' lang='grc' dir='ltr'><em>οὖν</em></span> <span class='ocrx_word' id='word_1_127' title='bbox 1029 1543 1200 1592; x_wconf 85' lang='grc' dir='ltr'><em>Ἰούδας</em></span> <span class='ocrx_word' id='word_1_128' title='bbox 1229 1547 1381 1593; x_wconf 83' lang='grc' dir='ltr'><em>λαβὼν</em></span> <span class='ocrx_word' id='word_1_129' title='bbox 1411 1546 1490 1592; x_wconf 80' lang='grc' dir='ltr'><em>τὴν</em></span> <span class='ocrx_word' id='word_1_130' title='bbox 1520 1551 1703 1595; x_wconf 86' lang='grc' dir='ltr'><em>σπεῖραν</em></span> <span class='ocrx_word' id='word_1_131' title='bbox 1731 1549 1806 1583; x_wconf 84' lang='grc' dir='ltr'><em>καὶ</em></span> 
     </span>
     <span class='ocr_line' id='line_1_18' title="bbox 115 1609 1805 1661; baseline -0.001 -11"><span class='ocrx_word' id='word_1_132' title='bbox 115 1612 163 1651; x_wconf 79' lang='grc' dir='ltr'><strong>ἐκ</strong></span> <span class='ocrx_word' id='word_1_133' title='bbox 188 1618 278 1650; x_wconf 84' lang='grc' dir='ltr'><em>τῶν</em></span> <span class='ocrx_word' id='word_1_134' title='bbox 304 1612 548 1661; x_wconf 79' lang='grc' dir='ltr'><em>ἀρχιερέων</em></span> <span class='ocrx_word' id='word_1_135' title='bbox 572 1615 648 1649; x_wconf 83' lang='grc' dir='ltr'><em>καὶ</em></span> <span class='ocrx_word' id='word_1_136' title='bbox 666 1610 749 1659; x_wconf 82' lang='grc' dir='ltr'><em>(ε’κ)</em></span> <span class='ocrx_word' id='word_1_137' title='bbox 768 1617 859 1649; x_wconf 82' lang='grc' dir='ltr'><em>τῶν</em></span> <span class='ocrx_word' id='word_1_138' title='bbox 878 1614 1138 1660; x_wconf 80' lang='grc' dir='ltr'><em>Φαρισαίων</em></span> <span class='ocrx_word' id='word_1_139' title='bbox 1157 1609 1374 1660; x_wconf 80' lang='grc' dir='ltr'><em>ὑπηρέτας</em></span> <span class='ocrx_word' id='word_1_140' title='bbox 1390 1609 1567 1660; x_wconf 77' lang='grc' dir='ltr'><em>ἔρχεται</em></span> <span class='ocrx_word' id='word_1_141' title='bbox 1585 1609 1676 1648; x_wconf 80' lang='grc' dir='ltr'><em>ἐκεῖ</em></span> <span class='ocrx_word' id='word_1_142' title='bbox 1691 1612 1805 1657; x_wconf 85' lang='grc' dir='ltr'><em>μετὰ</em></span> 
     </span>
     <span class='ocr_line' id='line_1_19' title="bbox 115 1680 1805 1737; baseline -0.003 -10"><span class='ocrx_word' id='word_1_143' title='bbox 115 1695 271 1737; x_wconf 79' lang='grc' dir='ltr'><em>φανῶν</em></span> <span class='ocrx_word' id='word_1_144' title='bbox 296 1692 370 1726; x_wconf 78' lang='grc' dir='ltr'><strong>καὶ</strong></span> <span class='ocrx_word' id='word_1_145' title='bbox 396 1689 647 1734; x_wconf 69' lang='grc' dir='ltr'><em>λαμπάδων</em></span> <span class='ocrx_word' id='word_1_146' title='bbox 672 1691 746 1725; x_wconf 76' lang='grc' dir='ltr'><strong>καὶ</strong></span> <span class='ocrx_word' id='word_1_147' title='bbox 773 1687 923 1726; x_wconf 74' lang='grc' dir='ltr'><em>ὅπλων</em></span> <span class='ocrx_word' id='word_1_148' title='bbox 941 1690 984 1735; x_wconf 77' lang='lat'><strong>⁶).</strong></span> <span class='ocrx_word' id='word_1_149' title='bbox 1012 1681 1208 1736; x_wconf 89' lang='lat' dir='ltr'><strong>Joannes</strong></span> <span class='ocrx_word' id='word_1_150' title='bbox 1241 1681 1372 1736; x_wconf 86' lang='lat' dir='ltr'><strong>igitur</strong></span> <span class='ocrx_word' id='word_1_151' title='bbox 1404 1680 1515 1724; x_wconf 91' lang='lat' dir='ltr'><strong>duas</strong></span> <span class='ocrx_word' id='word_1_152' title='bbox 1547 1681 1699 1724; x_wconf 82' lang='lat' dir='ltr'><strong>turbas</strong></span> <span class='ocrx_word' id='word_1_153' title='bbox 1737 1681 1805 1723; x_wconf 89' lang='lat' dir='ltr'><strong>di-</strong></span> 
     </span>
     <span class='ocr_line' id='line_1_20' title="bbox 117 1750 1803 1808; baseline -0.001 -13"><span class='ocrx_word' id='word_1_154' title='bbox 117 1754 313 1808; x_wconf 82' lang='lat' dir='ltr'><strong>stinguIt,</strong></span> <span class='ocrx_word' id='word_1_155' title='bbox 360 1765 400 1799; x_wconf 90' lang='lat'><strong>1:</strong></span> <span class='ocrx_word' id='word_1_156' title='bbox 440 1760 542 1806; x_wconf 73' lang='grc' dir='ltr'><strong>τὴν</strong></span> <span class='ocrx_word' id='word_1_157' title='bbox 580 1765 835 1808; x_wconf 78' lang='grc' dir='ltr'><em>σπεῖραν</em></span> <span class='ocrx_word' id='word_1_158' title='bbox 867 1753 893 1793; x_wconf 93' lang='lat' dir='ltr'><strong>i.</strong></span> <span class='ocrx_word' id='word_1_159' title='bbox 918 1764 954 1794; x_wconf 94' lang='lat' dir='ltr'><strong>e.</strong></span> <span class='ocrx_word' id='word_1_160' title='bbox 994 1752 1220 1794; x_wconf 89' lang='lat' dir='ltr'><strong>cohortem</strong></span> <span class='ocrx_word' id='word_1_161' title='bbox 1261 1752 1446 1793; x_wconf 89' lang='lat' dir='ltr'><strong>militum</strong></span> <span class='ocrx_word' id='word_1_162' title='bbox 1492 1750 1803 1802; x_wconf 85' lang='lat' dir='ltr'><strong>Romanorum,</strong></span> 
     </span>
     <span class='ocr_line' id='line_1_21' title="bbox 117 1821 1805 1878; baseline 0 -12"><span class='ocrx_word' id='word_1_163' title='bbox 117 1825 282 1878; x_wconf 85' lang='lat' dir='ltr'><strong>quibus</strong></span> <span class='ocrx_word' id='word_1_164' title='bbox 317 1825 491 1877; x_wconf 89' lang='lat' dir='ltr'><strong>praeest</strong></span> <span class='ocrx_word' id='word_1_165' title='bbox 522 1823 726 1865; x_wconf 89' lang='lat' dir='ltr'><strong>tribunus</strong></span> <span class='ocrx_word' id='word_1_166' title='bbox 760 1823 945 1864; x_wconf 89' lang='lat' dir='ltr'><strong>militum</strong></span> <span class='ocrx_word' id='word_1_167' title='bbox 975 1821 1200 1866; x_wconf 81' lang='lat' dir='ltr'><strong>Romanus</strong></span> <span class='ocrx_word' id='word_1_168' title='bbox 1223 1833 1284 1864; x_wconf 87' lang='lat' dir='ltr'><strong>se.</strong></span> <span class='ocrx_word' id='word_1_169' title='bbox 1309 1827 1333 1865; x_wconf 83' lang='grc' dir='ltr'><strong><em>ὸ</em></strong></span> <span class='ocrx_word' id='word_1_170' title='bbox 1351 1831 1582 1877; x_wconf 75' lang='grc' dir='ltr'><em>χιλίαρχος</em></span> <span class='ocrx_word' id='word_1_171' title='bbox 1599 1830 1654 1876; x_wconf 80' lang='lat'><strong>⁸)‚·</strong></span> <span class='ocrx_word' id='word_1_172' title='bbox 1679 1834 1723 1869; x_wconf 87' lang='lat'><strong>2:</strong></span> <span class='ocrx_word' id='word_1_173' title='bbox 1749 1828 1805 1866; x_wconf 80' lang='grc' dir='ltr'><strong>ὲκ</strong></span> 
     </span>
     <span class='ocr_line' id='line_1_22' title="bbox 117 1894 1803 1949; baseline -0.002 -11"><span class='ocrx_word' id='word_1_174' title='bbox 117 1907 230 1938; x_wconf 88' lang='grc' dir='ltr'><em>τῶν</em></span> <span class='ocrx_word' id='word_1_175' title='bbox 264 1900 599 1949; x_wconf 77' lang='grc' dir='ltr'><em>ἀρχιερέων</em></span> <span class='ocrx_word' id='word_1_176' title='bbox 631 1903 728 1937; x_wconf 87' lang='grc' dir='ltr'><em>καὶ</em></span> <span class='ocrx_word' id='word_1_177' title='bbox 763 1899 857 1947; x_wconf 82' lang='grc' dir='ltr'><em>(ε’κ)</em></span> <span class='ocrx_word' id='word_1_178' title='bbox 888 1905 1003 1937; x_wconf 85' lang='grc' dir='ltr'><em>τῶν</em></span> <span class='ocrx_word' id='word_1_179' title='bbox 1031 1902 1383 1948; x_wconf 87' lang='grc' dir='ltr'><em>Φαρισαίων</em></span> <span class='ocrx_word' id='word_1_180' title='bbox 1409 1897 1708 1949; x_wconf 79' lang='grc' dir='ltr'><em>ὑπηρέτας</em></span> <span class='ocrx_word' id='word_1_181' title='bbox 1735 1894 1803 1935; x_wconf 80' lang='lat' dir='ltr'><strong>I.e.</strong></span> 
     </span>
     <span class='ocr_line' id='line_1_23' title="bbox 117 1961 1803 2018; baseline -0.001 -11"><span class='ocrx_word' id='word_1_182' title='bbox 117 1966 343 2007; x_wconf 85' lang='lat' dir='ltr'><strong>ministros</strong></span> <span class='ocrx_word' id='word_1_183' title='bbox 384 1976 408 2006; x_wconf 88' lang='lat' dir='ltr'><strong>a</strong></span> <span class='ocrx_word' id='word_1_184' title='bbox 450 1964 737 2018; x_wconf 83' lang='lat' dir='ltr'><strong>pontificibus</strong></span> <span class='ocrx_word' id='word_1_185' title='bbox 779 1963 1122 2017; x_wconf 77' lang='lat' dir='ltr'><strong>pharisaeisque</strong></span> <span class='ocrx_word' id='word_1_186' title='bbox 1156 1963 1297 2006; x_wconf 89' lang='lat' dir='ltr'><strong>datos.</strong></span> <span class='ocrx_word' id='word_1_187' title='bbox 1333 1961 1456 2006; x_wconf 92' lang='lat' dir='ltr'><strong>Duas</strong></span> <span class='ocrx_word' id='word_1_188' title='bbox 1489 1964 1605 2005; x_wconf 92' lang='lat' dir='ltr'><strong>enim</strong></span> <span class='ocrx_word' id='word_1_189' title='bbox 1638 1964 1803 2011; x_wconf 76' lang='lat' dir='ltr'><strong>turbas.</strong></span> 
     </span>
     <span class='ocr_line' id='line_1_24' title="bbox 117 2033 1803 2089; baseline 0 -12"><span class='ocrx_word' id='word_1_190' title='bbox 117 2036 295 2078; x_wconf 90' lang='lat' dir='ltr'><strong>alteram</strong></span> <span class='ocrx_word' id='word_1_191' title='bbox 328 2047 352 2077; x_wconf 93' lang='lat' dir='ltr'><strong>a</strong></span> <span class='ocrx_word' id='word_1_192' title='bbox 386 2034 687 2089; x_wconf 78' lang='lat' dir='ltr'><strong>pontificibus,</strong></span> <span class='ocrx_word' id='word_1_193' title='bbox 717 2046 741 2076; x_wconf 92' lang='lat' dir='ltr'><strong>a</strong></span> <span class='ocrx_word' id='word_1_194' title='bbox 765 2033 1015 2076; x_wconf 75' lang='lat' dir='ltr'><strong>pharisaeis</strong></span> <span class='ocrx_word' id='word_1_195' title='bbox 1039 2034 1232 2085; x_wconf 87' lang='lat' dir='ltr'><strong>alteram,</strong></span> <span class='ocrx_word' id='word_1_196' title='bbox 1257 2034 1418 2077; x_wconf 88' lang='lat' dir='ltr'><strong>missas</strong></span> <span class='ocrx_word' id='word_1_197' title='bbox 1443 2045 1541 2077; x_wconf 87' lang='lat' dir='ltr'><strong>esse</strong></span> <span class='ocrx_word' id='word_1_198' title='bbox 1565 2034 1803 2078; x_wconf 88' lang='lat' dir='ltr'><strong>verisimile</strong></span> 
     </span>
     <span class='ocr_line' id='line_1_25' title="bbox 117 2104 1804 2160; baseline 0 -12"><span class='ocrx_word' id='word_1_199' title='bbox 117 2107 299 2149; x_wconf 91' lang='lat' dir='ltr'><strong>omnino</strong></span> <span class='ocrx_word' id='word_1_200' title='bbox 332 2118 420 2147; x_wconf 92' lang='lat' dir='ltr'><strong>non</strong></span> <span class='ocrx_word' id='word_1_201' title='bbox 445 2107 523 2156; x_wconf 90' lang='lat' dir='ltr'><strong>est,</strong></span> <span class='ocrx_word' id='word_1_202' title='bbox 548 2117 646 2147; x_wconf 92' lang='lat' dir='ltr'><strong>cum</strong></span> <span class='ocrx_word' id='word_1_203' title='bbox 672 2105 803 2147; x_wconf 89' lang='lat' dir='ltr'><strong>unius</strong></span> <span class='ocrx_word' id='word_1_204' title='bbox 827 2106 963 2159; x_wconf 88' lang='lat' dir='ltr'><strong>partis</strong></span> <span class='ocrx_word' id='word_1_205' title='bbox 986 2105 1074 2147; x_wconf 90' lang='lat' dir='ltr'><strong>sint</strong></span> <span class='ocrx_word' id='word_1_206' title='bbox 1097 2107 1138 2147; x_wconf 92' lang='lat' dir='ltr'><strong>et</strong></span> <span class='ocrx_word' id='word_1_207' title='bbox 1160 2105 1280 2159; x_wconf 86' lang='lat' dir='ltr'><strong>apud</strong></span> <span class='ocrx_word' id='word_1_208' title='bbox 1300 2104 1514 2159; x_wconf 92' lang='lat' dir='ltr'><strong>Joannem</strong></span> <span class='ocrx_word' id='word_1_209' title='bbox 1537 2116 1672 2160; x_wconf 90' lang='lat' dir='ltr'><strong>saepe</strong></span> <span class='ocrx_word' id='word_1_210' title='bbox 1696 2118 1804 2148; x_wconf 90' lang='lat' dir='ltr'><strong>con-</strong></span> 
     </span>
     <span class='ocr_line' id='line_1_26' title="bbox 114 2173 1804 2232; baseline 0.001 -14"><span class='ocrx_word' id='word_1_211' title='bbox 114 2173 414 2232; x_wconf 76' lang='lat' dir='ltr'><strong>jungantur7).</strong></span> <span class='ocrx_word' id='word_1_212' title='bbox 448 2175 736 2230; x_wconf 87' lang='lat' dir='ltr'><strong>Paraphrasis</strong></span> <span class='ocrx_word' id='word_1_213' title='bbox 770 2188 951 2229; x_wconf 88' lang='lat' dir='ltr'><strong>quoque</strong></span> <span class='ocrx_word' id='word_1_214' title='bbox 985 2176 1097 2218; x_wconf 85' lang='lat' dir='ltr'><strong>duas</strong></span> <span class='ocrx_word' id='word_1_215' title='bbox 1129 2177 1393 2217; x_wconf 90' lang='lat' dir='ltr'><strong>armatorum</strong></span> <span class='ocrx_word' id='word_1_216' title='bbox 1427 2187 1584 2219; x_wconf 87' lang='lat' dir='ltr'><strong>manus</strong></span> <span class='ocrx_word' id='word_1_217' title='bbox 1608 2188 1804 2219; x_wconf 92' lang='lat' dir='ltr'><strong>comme-</strong></span> 
     </span>
     <span class='ocr_line' id='line_1_27' title="bbox 117 2246 1804 2302; baseline 0.001 -13"><span class='ocrx_word' id='word_1_218' title='bbox 117 2250 256 2289; x_wconf 83' lang='lat' dir='ltr'><strong>morat</strong></span> <span class='ocrx_word' id='word_1_219' title='bbox 302 2259 382 2289; x_wconf 90' lang='lat' dir='ltr'><strong>nec</strong></span> <span class='ocrx_word' id='word_1_220' title='bbox 429 2249 574 2289; x_wconf 86' lang='lat' dir='ltr'><strong>tamen</strong></span> <span class='ocrx_word' id='word_1_221' title='bbox 620 2247 813 2297; x_wconf 89' lang='lat' dir='ltr'><strong>easdem,</strong></span> <span class='ocrx_word' id='word_1_222' title='bbox 864 2258 976 2300; x_wconf 87' lang='lat' dir='ltr'><strong>quas</strong></span> <span class='ocrx_word' id='word_1_223' title='bbox 1025 2246 1316 2301; x_wconf 88' lang='lat' dir='ltr'><strong>evangelium,</strong></span> <span class='ocrx_word' id='word_1_224' title='bbox 1359 2258 1421 2289; x_wconf 88' lang='lat' dir='ltr'><strong>se.</strong></span> <span class='ocrx_word' id='word_1_225' title='bbox 1463 2259 1502 2293; x_wconf 90' lang='lat'><strong>1:</strong></span> <span class='ocrx_word' id='word_1_226' title='bbox 1542 2256 1804 2302; x_wconf 76' lang='grc' dir='ltr'><em>στρατὸν</em></span> 
     </span>
     <span class='ocr_line' id='line_1_28' title="bbox 117 2317 1802 2369; baseline 0.001 -14"><span class='ocrx_word' id='word_1_227' title='bbox 117 2318 453 2367; x_wconf 77' lang='grc' dir='ltr'><em>ἀσπιστῆρα</em></span> <span class='ocrx_word' id='word_1_228' title='bbox 488 2317 842 2367; x_wconf 77' lang='grc' dir='ltr'><em>ἀρχιερήων,</em></span> <span class='ocrx_word' id='word_1_229' title='bbox 877 2323 921 2357; x_wconf 85' lang='grc'><strong>2;</strong></span> <span class='ocrx_word' id='word_1_230' title='bbox 955 2318 1384 2367; x_wconf 86' lang='grc' dir='ltr'><em>κορυνηφόρον</em></span> <span class='ocrx_word' id='word_1_231' title='bbox 1418 2317 1601 2364; x_wconf 81' lang='grc' dir='ltr'><em>ἑσμὸν</em></span> <span class='ocrx_word' id='word_1_232' title='bbox 1633 2324 1802 2369; x_wconf 88' lang='grc' dir='ltr'><em>Φαρι-</em></span> 
     </span>
     <span class='ocr_line' id='line_1_29' title="bbox 116 2388 1801 2433; baseline -0.001 0"><span class='ocrx_word' id='word_1_233' title='bbox 116 2398 315 2433; x_wconf 79' lang='grc' dir='ltr'><em>σαίων.</em></span> <span class='ocrx_word' id='word_1_234' title='bbox 351 2388 469 2430; x_wconf 88' lang='lat' dir='ltr'><strong>Haec</strong></span> <span class='ocrx_word' id='word_1_235' title='bbox 509 2388 634 2430; x_wconf 89' lang='lat' dir='ltr'><strong>turba</strong></span> <span class='ocrx_word' id='word_1_236' title='bbox 677 2388 869 2430; x_wconf 77' lang='lat' dir='ltr'><strong>fustibus</strong></span> <span class='ocrx_word' id='word_1_237' title='bbox 913 2390 1077 2431; x_wconf 87' lang='lat' dir='ltr'><strong>armata</strong></span> <span class='ocrx_word' id='word_1_238' title='bbox 1116 2388 1323 2430; x_wconf 93' lang='lat' dir='ltr'><strong>convenit</strong></span> <span class='ocrx_word' id='word_1_239' title='bbox 1360 2400 1457 2430; x_wconf 91' lang='lat' dir='ltr'><strong>cum</strong></span> <span class='ocrx_word' id='word_1_240' title='bbox 1497 2389 1632 2431; x_wconf 90' lang='lat' dir='ltr'><strong>altera</strong></span> <span class='ocrx_word' id='word_1_241' title='bbox 1670 2401 1801 2432; x_wconf 90' lang='lat' dir='ltr'><strong>manu</strong></span> 
     </span>
     <span class='ocr_line' id='line_1_30' title="bbox 117 2458 1800 2514; baseline 0.001 -13"><span class='ocrx_word' id='word_1_242' title='bbox 117 2459 348 2514; x_wconf 87' lang='lat' dir='ltr'><strong>evangelii,</strong></span> <span class='ocrx_word' id='word_1_243' title='bbox 368 2471 428 2501; x_wconf 90' lang='lat' dir='ltr'><strong>sc.</strong></span> <span class='ocrx_word' id='word_1_244' title='bbox 454 2471 552 2500; x_wconf 90' lang='lat' dir='ltr'><strong>cum</strong></span> <span class='ocrx_word' id='word_1_245' title='bbox 576 2459 802 2501; x_wconf 80' lang='lat' dir='ltr'><strong>ministris.</strong></span> <span class='ocrx_word' id='word_1_246' title='bbox 827 2458 997 2500; x_wconf 84' lang='lat' dir='ltr'><strong>Etenim</strong></span> <span class='ocrx_word' id='word_1_247' title='bbox 1022 2464 1202 2514; x_wconf 73' lang='grc' dir='ltr'><em>ὑπηρέ</em></span> <span class='ocrx_word' id='word_1_248' title='bbox 1218 2480 1241 2502; x_wconf 71' lang='grc' dir='ltr'><em>τ</em></span> <span class='ocrx_word' id='word_1_249' title='bbox 1257 2481 1283 2502; x_wconf 94' lang='grc' dir='ltr'><em>α</em></span> <span class='ocrx_word' id='word_1_250' title='bbox 1300 2481 1327 2508; x_wconf 74' lang='grc' dir='ltr'><strong>ι,</strong></span> <span class='ocrx_word' id='word_1_251' title='bbox 1355 2460 1430 2513; x_wconf 87' lang='lat' dir='ltr'><strong>qui</strong></span> <span class='ocrx_word' id='word_1_252' title='bbox 1455 2459 1660 2502; x_wconf 89' lang='lat' dir='ltr'><strong>dicuntur</strong></span> <span class='ocrx_word' id='word_1_253' title='bbox 1681 2460 1800 2514; x_wconf 89' lang='lat' dir='ltr'><strong>apud</strong></span> 
     </span>
     <span class='ocr_line' id='line_1_31' title="bbox 113 2529 1800 2585; baseline 0.001 -13"><span class='ocrx_word' id='word_1_254' title='bbox 113 2529 340 2584; x_wconf 88' lang='lat' dir='ltr'><strong>Joannem,</strong></span> <span class='ocrx_word' id='word_1_255' title='bbox 382 2530 515 2571; x_wconf 93' lang='lat' dir='ltr'><strong>iidem</strong></span> <span class='ocrx_word' id='word_1_256' title='bbox 560 2531 663 2571; x_wconf 90' lang='lat' dir='ltr'><strong>sunt</strong></span> <span class='ocrx_word' id='word_1_257' title='bbox 700 2541 750 2571; x_wconf 89' lang='lat' dir='ltr'><strong>ac</strong></span> <span class='ocrx_word' id='word_1_258' title='bbox 792 2537 1177 2585; x_wconf 77' lang='grc' dir='ltr'><em>κορυνηφόρος</em></span> <span class='ocrx_word' id='word_1_259' title='bbox 1211 2535 1374 2583; x_wconf 76' lang='grc' dir='ltr'><em>ἑσμός</em></span> <span class='ocrx_word' id='word_1_260' title='bbox 1411 2529 1530 2584; x_wconf 92' lang='lat' dir='ltr'><strong>apud</strong></span> <span class='ocrx_word' id='word_1_261' title='bbox 1578 2530 1800 2582; x_wconf 89' lang='lat' dir='ltr'><strong>Nonnum,</strong></span> 
     </span>
     <span class='ocr_line' id='line_1_32' title="bbox 117 2600 1801 2657; baseline 0.001 -14"><span class='ocrx_word' id='word_1_262' title='bbox 117 2600 366 2654; x_wconf 88' lang='lat' dir='ltr'><strong>iisdemque</strong></span> <span class='ocrx_word' id='word_1_263' title='bbox 389 2601 522 2643; x_wconf 88' lang='lat' dir='ltr'><strong>armis</strong></span> <span class='ocrx_word' id='word_1_264' title='bbox 554 2601 753 2642; x_wconf 86' lang='lat' dir='ltr'><strong>instructi</strong></span> <span class='ocrx_word' id='word_1_265' title='bbox 787 2602 889 2642; x_wconf 88' lang='lat' dir='ltr'><strong>sunt</strong></span> <span class='ocrx_word' id='word_1_266' title='bbox 920 2611 981 2642; x_wconf 89' lang='lat' dir='ltr'><strong>sc.</strong></span> <span class='ocrx_word' id='word_1_267' title='bbox 1015 2600 1221 2642; x_wconf 80' lang='lat' dir='ltr'><strong>fustibus.</strong></span> <span class='ocrx_word' id='word_1_268' title='bbox 1253 2600 1460 2642; x_wconf 90' lang='lat' dir='ltr'><strong>Nonnum</strong></span> <span class='ocrx_word' id='word_1_269' title='bbox 1494 2601 1609 2643; x_wconf 90' lang='lat' dir='ltr'><strong>enim</strong></span> <span class='ocrx_word' id='word_1_270' title='bbox 1634 2613 1801 2657; x_wconf 88' lang='lat' dir='ltr'><strong>synop-</strong></span> 
     </span>
     <span class='ocr_line' id='line_1_33' title="bbox 116 2670 1801 2728; baseline 0.004 -16"><span class='ocrx_word' id='word_1_271' title='bbox 116 2671 229 2713; x_wconf 89' lang='lat' dir='ltr'><strong>ticos</strong></span> <span class='ocrx_word' id='word_1_272' title='bbox 262 2682 548 2725; x_wconf 84' lang='lat' dir='ltr'><strong>comparasse</strong></span> <span class='ocrx_word' id='word_1_273' title='bbox 580 2670 648 2712; x_wconf 92' lang='lat' dir='ltr'><strong>veI</strong></span> <span class='ocrx_word' id='word_1_274' title='bbox 679 2671 781 2712; x_wconf 95' lang='lat' dir='ltr'><strong>inde</strong></span> <span class='ocrx_word' id='word_1_275' title='bbox 809 2672 1005 2725; x_wconf 88' lang='lat' dir='ltr'><strong>apparet,</strong></span> <span class='ocrx_word' id='word_1_276' title='bbox 1030 2671 1151 2724; x_wconf 89' lang='lat' dir='ltr'><strong>quod</strong></span> <span class='ocrx_word' id='word_1_277' title='bbox 1175 2671 1354 2712; x_wconf 85' lang='lat' dir='ltr'><strong>alteram</strong></span> <span class='ocrx_word' id='word_1_278' title='bbox 1379 2671 1548 2713; x_wconf 89' lang='lat' dir='ltr'><strong>turbam</strong></span> <span class='ocrx_word' id='word_1_279' title='bbox 1581 2692 1801 2728; x_wconf 79' lang='grc' dir='ltr'><em>κορυνη-</em></span> 
     </span>
     <span class='ocr_line' id='line_1_34' title="bbox 117 2740 1800 2796; baseline 0.001 -11"><span class='ocrx_word' id='word_1_280' title='bbox 117 2748 334 2796; x_wconf 58' lang='grc' dir='ltr'><em>φόρονῡ)</em></span> <span class='ocrx_word' id='word_1_281' title='bbox 367 2741 576 2795; x_wconf 88' lang='lat' dir='ltr'><strong>appellat,</strong></span> <span class='ocrx_word' id='word_1_282' title='bbox 610 2753 709 2783; x_wconf 91' lang='lat' dir='ltr'><strong>cum</strong></span> <span class='ocrx_word' id='word_1_283' title='bbox 744 2741 799 2783; x_wconf 93' lang='lat' dir='ltr'><strong>de</strong></span> <span class='ocrx_word' id='word_1_284' title='bbox 830 2740 1023 2783; x_wconf 85' lang='lat' dir='ltr'><strong>fustibus</strong></span> <span class='ocrx_word' id='word_1_285' title='bbox 1056 2741 1175 2795; x_wconf 88' lang='lat' dir='ltr'><strong>apud</strong></span> <span class='ocrx_word' id='word_1_286' title='bbox 1209 2740 1333 2783; x_wconf 91' lang='lat' dir='ltr'><strong>solos</strong></span> <span class='ocrx_word' id='word_1_287' title='bbox 1366 2743 1627 2796; x_wconf 90' lang='lat' dir='ltr'><strong>synopticos</strong></span> <span class='ocrx_word' id='word_1_288' title='bbox 1654 2754 1800 2786; x_wconf 92' lang='lat' dir='ltr'><strong>sermo</strong></span> 
     </span>
    </p>
   </div>
   <div class='ocr_carea' id='block_1_9' title="bbox 117 2834 395 2840">
    <p class='ocr_par' dir='ltr' id='par_1_10' title="bbox 117 2834 395 2840">
     <span class='ocr_line' id='line_1_35' title="bbox 117 2834 395 2840; baseline 0 0"><span class='ocrx_word' id='word_1_289' title='bbox 117 2834 395 2840; x_wconf 95' lang='lat' dir='ltr'><strong> </strong></span> 
     </span>
    </p>
   </div>
   <div class='ocr_carea' id='block_1_10' title="bbox 167 2879 1798 3158">
    <p class='ocr_par' dir='ltr' id='par_1_11' title="bbox 170 2879 1463 2927">
     <span class='ocr_line' id='line_1_36' title="bbox 170 2879 1463 2927; baseline 0.002 -12"><span class='ocrx_word' id='word_1_290' title='bbox 170 2879 196 2922; x_wconf 92' lang='lat'><strong>¹)</strong></span> <span class='ocrx_word' id='word_1_291' title='bbox 221 2881 277 2927; x_wconf 88' lang='lat' dir='ltr'><strong>Jo.</strong></span> <span class='ocrx_word' id='word_1_292' title='bbox 304 2880 432 2924; x_wconf 92' lang='lat' dir='ltr'>XVIII,</span> <span class='ocrx_word' id='word_1_293' title='bbox 458 2882 489 2916; x_wconf 92' lang='lat'><strong>2.</strong></span> <span class='ocrx_word' id='word_1_294' title='bbox 1012 2879 1039 2925; x_wconf 76' lang='lat'><strong>³)</strong></span> <span class='ocrx_word' id='word_1_295' title='bbox 1067 2880 1125 2917; x_wconf 82' lang='lat' dir='ltr'><strong>Cf.</strong></span> <span class='ocrx_word' id='word_1_296' title='bbox 1152 2881 1240 2917; x_wconf 91' lang='lat' dir='ltr'><strong>Luc.</strong></span> <span class='ocrx_word' id='word_1_297' title='bbox 1268 2881 1380 2925; x_wconf 93' lang='lat' dir='ltr'>XXII,</span> <span class='ocrx_word' id='word_1_298' title='bbox 1406 2882 1463 2918; x_wconf 86' lang='lat'><strong>39.</strong></span> 
     </span>
    </p>

    <p class='ocr_par' dir='ltr' id='par_1_12' title="bbox 167 2938 1798 3158">
     <span class='ocr_line' id='line_1_37' title="bbox 167 2938 1776 2984; baseline 0.002 -10"><span class='ocrx_word' id='word_1_299' title='bbox 167 2938 194 2981; x_wconf 64' lang='grc'><strong>3)</strong></span> <span class='ocrx_word' id='word_1_300' title='bbox 223 2940 311 2974; x_wconf 91' lang='lat' dir='ltr'><strong>Luc.</strong></span> <span class='ocrx_word' id='word_1_301' title='bbox 339 2939 435 2982; x_wconf 93' lang='lat' dir='ltr'>XXI,</span> <span class='ocrx_word' id='word_1_302' title='bbox 461 2940 524 2982; x_wconf 86' lang='lat'><strong>37;</strong></span> <span class='ocrx_word' id='word_1_303' title='bbox 551 2939 749 2984; x_wconf 86' lang='lat' dir='ltr'><strong>praeterea</strong></span> <span class='ocrx_word' id='word_1_304' title='bbox 774 2940 941 2975; x_wconf 88' lang='lat' dir='ltr'><strong>occurrit</strong></span> <span class='ocrx_word' id='word_1_305' title='bbox 966 2940 1004 2975; x_wconf 92' lang='lat' dir='ltr'><strong>in</strong></span> <span class='ocrx_word' id='word_1_306' title='bbox 1031 2940 1074 2975; x_wconf 93' lang='lat' dir='ltr'><strong>N.</strong></span> <span class='ocrx_word' id='word_1_307' title='bbox 1090 2939 1133 2975; x_wconf 84' lang='lat' dir='ltr'><strong>T.</strong></span> <span class='ocrx_word' id='word_1_308' title='bbox 1160 2940 1406 2976; x_wconf 88' lang='lat' dir='ltr'><strong>solummodo</strong></span> <span class='ocrx_word' id='word_1_309' title='bbox 1432 2940 1569 2976; x_wconf 89' lang='lat' dir='ltr'><strong>Matth.</strong></span> <span class='ocrx_word' id='word_1_310' title='bbox 1595 2941 1692 2984; x_wconf 94' lang='lat' dir='ltr'>XXI,</span> <span class='ocrx_word' id='word_1_311' title='bbox 1723 2942 1776 2978; x_wconf 86' lang='lat'><strong>17.</strong></span> 
     </span>
     <span class='ocr_line' id='line_1_38' title="bbox 168 2996 1798 3045; baseline 0.002 -13"><span class='ocrx_word' id='word_1_312' title='bbox 168 2997 195 3041; x_wconf 71' lang='lat'><strong>³)</strong></span> <span class='ocrx_word' id='word_1_313' title='bbox 219 2999 275 3044; x_wconf 91' lang='lat' dir='ltr'><strong>Jo.</strong></span> <span class='ocrx_word' id='word_1_314' title='bbox 302 2997 430 3040; x_wconf 92' lang='lat' dir='ltr'>XVIII,</span> <span class='ocrx_word' id='word_1_315' title='bbox 456 2999 488 3032; x_wconf 86' lang='lat'><strong>2.</strong></span> <span class='ocrx_word' id='word_1_316' title='bbox 821 2996 848 3040; x_wconf 68' lang='grc' dir='ltr'><strong>δ)</strong></span> <span class='ocrx_word' id='word_1_317' title='bbox 870 2998 926 3044; x_wconf 90' lang='lat' dir='ltr'><strong>Jo.</strong></span> <span class='ocrx_word' id='word_1_318' title='bbox 954 2998 1082 3041; x_wconf 93' lang='lat' dir='ltr'>XVIII,</span> <span class='ocrx_word' id='word_1_319' title='bbox 1109 2999 1141 3034; x_wconf 89' lang='grc'><strong>3.</strong></span> <span class='ocrx_word' id='word_1_320' title='bbox 1453 2997 1481 3042; x_wconf 81' lang='lat'><strong>⁶)</strong></span> <span class='ocrx_word' id='word_1_321' title='bbox 1505 2999 1562 3045; x_wconf 91' lang='lat' dir='ltr'><strong>Jo.</strong></span> <span class='ocrx_word' id='word_1_322' title='bbox 1588 2999 1716 3043; x_wconf 93' lang='lat' dir='ltr'>XVIII,</span> <span class='ocrx_word' id='word_1_323' title='bbox 1745 3001 1798 3036; x_wconf 88' lang='grc'><strong>12.</strong></span> 
     </span>
     <span class='ocr_line' id='line_1_39' title="bbox 169 3055 1798 3102; baseline 0.002 -11"><span class='ocrx_word' id='word_1_324' title='bbox 169 3055 196 3098; x_wconf 78' lang='lat'><strong>⁷)</strong></span> <span class='ocrx_word' id='word_1_325' title='bbox 224 3056 281 3092; x_wconf 82' lang='lat' dir='ltr'><strong>Cf.</strong></span> <span class='ocrx_word' id='word_1_326' title='bbox 304 3057 360 3102; x_wconf 89' lang='lat' dir='ltr'><strong>Jo.</strong></span> <span class='ocrx_word' id='word_1_327' title='bbox 388 3056 463 3099; x_wconf 93' lang='lat' dir='ltr'>VII,</span> <span class='ocrx_word' id='word_1_328' title='bbox 490 3057 553 3099; x_wconf 87' lang='lat'><strong>32;</strong></span> <span class='ocrx_word' id='word_1_329' title='bbox 579 3057 643 3099; x_wconf 80' lang='lat'><strong>453</strong></span> <span class='ocrx_word' id='word_1_330' title='bbox 672 3056 731 3100; x_wconf 87' lang='lat' dir='ltr'>XI,</span> <span class='ocrx_word' id='word_1_331' title='bbox 756 3057 820 3100; x_wconf 84' lang='lat'><strong>47;</strong></span> <span class='ocrx_word' id='word_1_332' title='bbox 846 3058 909 3100; x_wconf 78' lang='lat'><strong>573</strong></span> <span class='ocrx_word' id='word_1_333' title='bbox 936 3057 1064 3100; x_wconf 92' lang='lat' dir='ltr'>XVIII,</span> <span class='ocrx_word' id='word_1_334' title='bbox 1090 3058 1130 3099; x_wconf 86' lang='lat'><strong>3;</strong></span> <span class='ocrx_word' id='word_1_335' title='bbox 1157 3056 1205 3092; x_wconf 83' lang='lat' dir='ltr'><strong>cf.</strong></span> <span class='ocrx_word' id='word_1_336' title='bbox 1225 3057 1358 3093; x_wconf 87' lang='lat' dir='ltr'><strong>Matth.</strong></span> <span class='ocrx_word' id='word_1_337' title='bbox 1380 3057 1477 3101; x_wconf 91' lang='lat' dir='ltr'>XXI,</span> <span class='ocrx_word' id='word_1_338' title='bbox 1495 3059 1556 3102; x_wconf 85' lang='lat'><strong>45;</strong></span> <span class='ocrx_word' id='word_1_339' title='bbox 1575 3058 1724 3102; x_wconf 91' lang='lat' dir='ltr'>XXVII,</span> <span class='ocrx_word' id='word_1_340' title='bbox 1741 3058 1798 3094; x_wconf 88' lang='grc'><strong>62.</strong></span> 
     </span>
     <span class='ocr_line' id='line_1_40' title="bbox 167 3113 437 3158; baseline 0.007 -9"><span class='ocrx_word' id='word_1_341' title='bbox 167 3114 195 3158; x_wconf 64' lang='grc' dir='ltr'><strong>ὃ)</strong></span> <span class='ocrx_word' id='word_1_342' title='bbox 224 3115 261 3150; x_wconf 94' lang='lat' dir='ltr'><strong>In</strong></span> <span class='ocrx_word' id='word_1_343' title='bbox 288 3115 369 3150; x_wconf 84' lang='lat' dir='ltr'><strong>Par.</strong></span> <span class='ocrx_word' id='word_1_344' title='bbox 397 3113 437 3157; x_wconf 91' lang='lat'><strong>†.</strong></span> 
     </span>
    </p>
   </div>
   <div class='ocr_carea' id='block_1_11' title="bbox 1864 1005 2013 1048">
    <p class='ocr_par' dir='ltr' id='par_1_13' title="bbox 1864 1005 2013 1048">
     <span class='ocr_line' id='line_1_41' title="bbox 1864 1005 2013 1048; baseline 0 -1"><span class='ocrx_word' id='word_1_345' title='bbox 1864 1005 1915 1047; x_wconf 90' lang='lat' dir='ltr'><strong>N.</strong></span> <span class='ocrx_word' id='word_1_346' title='bbox 1943 1005 2013 1048; x_wconf 86' lang='lat'><strong>43.</strong></span> 
     </span>
    </p>
   </div>
  </div>
 </body>
</html>
