2180 3606
973 190 1048 232 111

166 324 374 377 idemque
417 322 472 365 de
517 320 708 365 Caesare
747 320 963 374 principe,
996 318 1148 361 addito
1181 317 1360 359 nomine
1394 315 1574 370 proprio
1606 314 1788 356 Tiberio
1807 311 1852 368 ¹).

164 393 262 437 Alia
285 393 465 435 nomina
487 391 667 447 propria
690 391 825 432 latina
848 390 890 431 in
915 388 1177 443 Paraphrasi
1201 399 1290 429 non
1313 387 1548 429 occurrunt
1571 385 1655 427 nisi
1674 385 1854 427 nomina

165 462 292 506 Pilati
342 465 384 505 et
429 461 696 512 Tiberiadis,
739 471 871 514 quam
917 459 1069 501 urbem
1116 457 1317 500 Herodes
1358 456 1544 511 Antipas
1586 456 1852 509 cognomine

165 532 332 576 Tiberii
367 532 585 587 principis
617 531 794 573 vocavit
810 527 857 584 ²).
891 527 1024 579 Quod
1058 528 1113 570 ad
1148 529 1331 570 metrum
1361 527 1527 578 attinet,
1550 526 1740 568 maxime
1762 525 1855 567 sin-

164 604 315 659 gulare
349 615 449 646 esse
483 603 656 645 videtur
678 613 703 643 a
735 601 897 643 Nonno
932 601 1117 654 primam
1152 601 1194 641 et
1226 598 1469 640 secundam
1503 596 1697 638 nominis
1726 593 1853 637 Pilati

163 674 380 728 syllabam
404 685 581 728 semper
603 672 780 726 corripi,
802 682 865 713 sc.
889 670 1169 720 undevieies;
1193 669 1378 723 primam
1402 667 1654 710 Lactantius
1672 677 1854 720 quoque

165 745 347 798 corripit
362 742 408 798 ³).
453 741 618 787 Contra
660 742 783 784 metri
824 752 959 812 causa
991 741 1176 795 primam
1211 739 1405 808 nominis
1437 737 1604 780 Tiberii
1638 736 1854 791 syllabam

1165 816 1303 823 sav—-

166 823 371 878 producit
412 828 495 864 Par.
520 825 620 869 XIX,
645 827 714 862 59:
745 819 1021 875 Κοῑσᾶρῖ
1046 829 1319 874 Τῖβεριῳ,
1351 817 1475 860 salva
1503 817 1781 871 correptione
1811 817 1854 857 in

164 905 275 936 VOCe
312 892 607 948 Τῖβέρηὶς.

223 963 429 1018 Denique
463 964 506 1005 in
540 962 803 1016 Paraphrasi
838 961 1042 1015 leguntur
1079 960 1259 1002 nomina
1307 965 1626 1012 σουδάριον,
1653 967 1854 1011 τίτλος,

165 1044 426 1083 λὶντεον,
455 1040 769 1088 δηνάριον.
802 1031 865 1074 Ex
899 1044 966 1082 eo,
999 1031 1121 1085 quod
1155 1031 1210 1072 de
1244 1029 1387 1083 primo
1420 1029 1641 1070 vocabulo
1667 1028 1855 1070 Nonnus

165 1106 286 1156 dicit,
319 1106 646 1147 demonstratur
678 1115 777 1145 eum
812 1103 990 1144 latinam
1026 1101 1222 1155 linguam
1256 1099 1486 1141 nesciisse.
1521 1098 1697 1153 Legitur

214 1186 298 1222 Par.
324 1186 385 1229 XI,
415 1186 502 1221 173:
552 1181 798 1228 σουδάριον
825 1180 960 1228 τόπερ
985 1171 1081 1216 εἶπε
1106 1176 1265 1226 Σύρων
1291 1176 1450 1221 στόμα,

214 1250 297 1287 Par.
324 1250 406 1293 XX,
431 1251 499 1286 30:
549 1245 796 1293 σουδάριον
821 1244 956 1293 τόπερ
982 1236 1077 1280 εἶπε
1102 1241 1262 1291 Σύρων
1289 1240 1522 1288 ἐπιδήμιος
1548 1238 1677 1286 αὐδή.

167 1322 314 1377 ltaque
357 1322 527 1376 putavit
572 1331 729 1362 vocem
782 1326 1122 1375 σουδάριον
1164 1329 1264 1360 esse
1313 1317 1581 1359 hebraicam.
1630 1315 1859 1357 Praeterea

169 1393 354 1435 litteram
387 1414 415 1436 a
437 1391 631 1445 corripit,
656 1390 818 1433 ductus
839 1389 1074 1431 vocabulis
1096 1388 1374 1431 diminutivis
1396 1387 1568 1442 graecis
1591 1386 1635 1428 in
1657 1393 1858 1441 -άριον,

168 1465 214 1506 ut
253 1469 509 1518 παιδάριον.
543 1467 897 1516 Σουδάριον
928 1461 1074 1502 autem
1108 1458 1305 1501 PolluCiS
1336 1458 1423 1513 jam
1456 1456 1734 1511 temporibus
1767 1457 1859 1498 usi-

168 1536 303 1576 tatum
346 1535 437 1576 erat
467 1531 588 1587 apud
621 1542 822 1587 graecos,
855 1531 1024 1585 quippe
1058 1542 1158 1572 cum
1191 1530 1333 1572 dicat:
1365 1534 1676 1583 καψιδρώτιον
1701 1533 1860 1570 καλού-

167 1624 318 1657 μενον,
357 1609 382 1648 ὃ
415 1615 498 1648 νῦν
531 1609 869 1657 σουδάριον
903 1607 1234 1654 ὀνομάζεται*).
1271 1608 1487 1652 Τι’τλος
1530 1600 1572 1640 et
1612 1605 1860 1642 λίντεον

169 1675 350 1717 nomina
381 1685 483 1716 esse
515 1673 650 1716 latina
681 1672 864 1727 agnovit
895 1671 1218 1725 affirmavitque

215 1755 298 1792 Par.
324 1755 422 1797 XIX,
451 1755 541 1790 102:
566 1743 568 1745 Ι
590 1751 787 1798 γράμμα,
815 1749 949 1798 τόπερ
974 1749 1186 1786 καλέουσι
1211 1750 1420 1786 Λατινὶδι
1446 1748 1600 1783 τίτλον
1622 1746 1650 1793 ⁶)
1679 1746 1774 1792 ἰωῇ,

214 1819 299 1856 Par.
325 1820 418 1863 XIII,
443 1821 511 1855 21:
1039 1813 1174 1862 τόπερ
1201 1812 1319 1860 φάτο
1348 1812 1578 1860 Θυμβριὰς
1604 1808 1720 1856 αὐδὴ

215 1897 283 1933 22:
319 1893 558 1940 ἤντεον).
591 1884 867 1928 Vocabulum
909 1892 1119 1937 τιτλος
1159 1882 1281 1937 apud
1313 1884 1518 1924 auctores
1550 1890 1748 1935 graecos,
1782 1879 1858 1933 qui

169 1958 269 1999 ante
302 1956 509 1998 Nonnum
542 1955 731 2006 fuerunt,
766 1966 854 1996 non
887 1954 1091 2004 occurrit,
1123 1960 1352 1997 λέντεον
1384 1952 1542 2006 legitur
1573 1950 1692 2004 apud
1715 1949 1861 1991 Arria-

170 2039 273 2069 num
291 2024 337 2081 ⁷).
371 2034 658 2082 Δηνάριον,
693 2025 821 2080 cujus
854 2025 980 2067 vocis
1013 2045 1040 2067 α
1067 2024 1313 2078 corripitur,
1347 2023 1462 2065 sicut
1484 2022 1538 2063 de
1562 2032 1672 2063 voce
1700 2027 1861 2064 σουδά-

169 2118 268 2154 ριον
301 2097 466 2140 dictum
501 2099 579 2148 est,
614 2107 822 2138 nummus
855 2094 1082 2140 Romanus
1114 2097 1194 2146 est,
1228 2095 1304 2148 qui
1340 2094 1382 2135 in
1416 2093 1613 2135 omnium
1648 2103 1729 2134 usu
1762 2103 1860 2132 ver-

169 2168 349 2210 sabatur
365 2164 412 2222 ⁸).
460 2167 691 2210 Postremo
736 2166 1010 2221 evangelista
1043 2166 1175 2207 utitur
1206 2164 1440 2207 vocabulis
1472 2168 1860 2218 πραιτώριον’)

171 2242 212 2281 et
244 2246 585 2294 φραγέλλιον
604 2245 663 2292 ¹⁰),
687 2248 803 2291 quae
827 2237 930 2279 sunt
953 2236 1109 2287 latina;
1133 2236 1242 2277 haec
1266 2235 1447 2276 nomina
1469 2232 1656 2275 Nonnus
1680 2231 1862 2273 mutavit

171 2310 214 2351 in
248 2305 483 2364 graeca¹¹).

225 2437 492 2492 judaeorum
522 2437 738 2492 populum
757 2437 953 2492 Joannes
976 2438 1106 2478 vocat
1133 2440 1244 2479 'Iov
1260 2443 1400 2478 δαὶο
1417 2454 1478 2486 υς
1498 2441 1557 2486 ¹²),
1580 2436 1692 2486 Ἰσρ
1708 2440 1862 2484 anm-

171 2529 273 2562 τας
292 2516 352 2562 ¹⁸),
383 2512 613 2564 Ἰσραήλ
633 2517 693 2563 “),
727 2508 914 2550 Nonnus
943 2511 1267 2559 Ἰουδαίους,
1289 2509 1592 2558 Ἐβραίους,
1617 2506 1861 2556 Ἰσραήλ.

225 2611 251 2656 ¹)
279 2612 361 2648 Par.
387 2611 486 2655 XIX,
513 2613 560 2648 59
573 2609 613 2655 †.

225 2669 253 2714 ²)
285 2668 452 2715 Τιβερηίς
476 2672 644 2707 occurrit
671 2670 752 2705 Par.
780 2669 840 2713 Vl,
871 2671 909 2705 1:
936 2667 1044 2712 ἅλμη,
1069 2667 1130 2711 VI,
1154 2668 1219 2702 84:
1245 2663 1372 2708 πέτρα,
1400 2665 1458 2708 Vl,
1485 2665 1548 2700 94:
1567 2661 1673 2705 ἀκτή,
1700 2661 1798 2706 ΧΧΙ,
1822 2664 1860 2705 2;

172 2731 236 2766 80:
263 2728 368 2773 ἅλμη.

224 2786 236 2803 8

238 2787 253 2832 )
281 2789 383 2824 Lact.
409 2788 516 2824 Pass.
543 2787 629 2824 Chr.
658 2788 714 2823 35.
1068 2783 1096 2828 ⁹)
1120 2785 1176 2831 Jo.
1203 2783 1333 2826 XVIII,
1359 2783 1424 2825 283
1450 2783 1514 2824 28;
1540 2782 1597 2824 33,
1631 2779 1730 2824 Χ1Χ;
1758 2781 1791 2816 9.

224 2845 253 2890 ⁴)
281 2846 376 2882 Pon.
403 2847 478 2890 VII,
507 2849 536 2882 l.
1056 2841 1101 2887 ¹⁰)
1124 2844 1180 2889 Jo.
1208 2843 1247 2885 11,
1277 2843 1329 2877 15.

225 2904 253 2949 ⁵)
282 2906 484 2941 Praeterea
511 2905 593 2940 Par.
624 2903 724 2947 XIX,
750 2904 826 2940 106.
1055 2900 1100 2945 ¹¹)
1128 2901 1186 2937 Cf.
1213 2912 1248 2936 n.
1274 2902 1320 2936 32
1345 2902 1384 2936 et
1410 2910 1446 2935 n.
1472 2900 1529 2935 89.

224 2963 253 3008 ⁶)
282 2965 319 2999 ln
346 2964 428 3000 Par.
455 2961 494 3007 †.
1056 2959 1100 3004 ¹²)
1122 2961 1180 3007 Jo.
1207 2960 1230 3003 l,
1260 2960 1303 2995 19
1329 2962 1420 3002 cet.;
1448 2958 1672 3003 septuagies
1698 2958 1831 2993 semel.

227 3023 254 3067 ⁷)
282 3024 363 3060 Arr.
390 3023 528 3067 Peripl.
556 3033 605 3058 m.
633 3023 733 3058 rubr.
758 3023 790 3057 4.
1059 3018 1103 3063 ¹³)
1126 3020 1183 3066 Jo.
1209 3019 1232 3060 l,
1260 3019 1305 3054 48
1319 3016 1358 3062 †.

226 3081 254 3127 ⁸)
281 3082 364 3118 Par.
392 3082 452 3125 Vl,
477 3083 542 3125 203
568 3080 646 3125 XII,
672 3082 729 3117 20.
1059 3077 1103 3122 ¹⁴)
1126 3079 1182 3124 Jo.
1211 3078 1234 3121 l,
1260 3079 1300 3114 31
1332 3079 1423 3121 cet.;
1450 3079 1597 3121 quater.

1924 2452 1975 2494 N.
1999 2452 2072 2494 57.
