2180 3606
161 2214 169 2223 .
198 2181 262 2222 18.

1143 199 1199 242 38

321 330 485 385 gelium
520 331 760 375 identidem
795 330 1108 385 amplificasse,
1143 331 1188 370 ut
1221 341 1308 371 non
1338 329 1482 371 solum
1507 329 1647 378 factis,
1672 327 2014 382 sicutJoannes,

320 402 401 444 sed
445 403 575 445 etiam
614 403 762 445 verbis
802 401 976 443 Petrum
1016 401 1157 441 virum
1197 411 1297 442 esse
1331 400 1511 442 mobilis
1545 399 1725 453 ingenii,
1758 398 2016 441 festinanter

320 484 452 529 agere
471 473 629 523 solere,
649 473 834 526 saepius
852 483 903 513 ea
922 471 977 513 de
997 481 1133 512 causa
1151 470 1364 512 audaciae
1383 471 1490 512 vitio
1511 480 1710 524 peccare,
1729 468 2014 511 demonstret.

379 544 689 586 Verumtamen
723 542 980 584 temeritatis
1013 542 1122 582 vitio
1156 543 1321 594 raptus,
1355 539 1509 582 Petrus
1544 541 1585 581 in
1611 537 1834 582 Christum
1859 539 2016 581 Domi-

322 626 426 657 num
461 626 646 669 peccare
680 615 827 667 potest
860 612 1174 666 imprudenter,
1209 612 1324 653 malo
1358 612 1549 653 consilio
1583 611 1620 652 ei
1647 610 1848 664 injuriam
1872 610 2016 653 facere

322 698 411 727 non
455 687 614 739 potest.
659 684 800 726 Mirus
833 684 949 725 enim
983 683 1080 737 ejus
1114 683 1157 724 in
1191 680 1414 725 Christum
1448 683 1514 724 est
1547 693 1670 723 amor
1702 683 1744 722 et
1776 681 1932 735 pietas.
1967 679 2016 723 Id

323 756 611 810 paraphrasta
644 755 782 808 polite
816 754 1039 808 eloquitur
1072 755 1114 795 et
1145 753 1363 807 exprimit,
1398 765 1497 795 cum
1532 753 1639 794 dicit

321 836 594 880 Par.X111,29:
617 830 788 879 Ἰησοῦν
815 830 1058 875 δ’ἀνέκοψε
1086 833 1269 878 φίλον
1308 831 1485 877 σέβας
1511 829 1742 875 ὄμμασι
1770 832 2018 876 φαίνων·

522 908 590 943 3οε
616 906 690 941 καί
716 918 796 949 μιν
822 902 1021 952 ἐρητύων
1048 905 1246 950 βριαρῇ
1271 902 1569 948 μειλίξατο
1596 906 1747 948 φωνῇ
1768 902 1820 946 1),·
1862 894 2016 935 lterum

521 979 590 1014 36:
616 977 690 1012 καί
714 974 757 1011 οἱ
780 975 950 1023 Πέτρος
964 971 1086 1020 ἔλεξε
1112 973 1254 1020 χέων
1288 971 1380 1019 ηδε
1393 978 1482 1010 ἴαν
1513 971 1744 1018 ἀπειλήν
1763 972 1809 1018 ⁸),·
1842 975 2017 1006 necnon

500 1044 588 1079 146:
614 1039 961 1086 μειλιχίοις
987 1038 1133 1087 ὀάρο
1150 1049 1234 1074 ισι
1262 1038 1473 1084 φιληκόος
1500 1035 1652 1074 ἔννεπε
1680 1038 1834 1081 Σίμων
1856 1036 1900 1082 ⁸).

321 1109 481 1151 Verum
525 1108 680 1151 eadem
701 1121 827 1163 -erga
870 1107 1093 1152 Christum
1141 1108 1284 1161 pietas
1337 1107 1454 1156 facit,
1503 1109 1549 1148 ut
1596 1119 1699 1148 mox
1746 1105 2020 1160 poenitentia

322 1192 511 1223 errorem
546 1181 749 1234 corrigat,
783 1180 965 1221 obediat
997 1177 1206 1228 Domino,
1234 1178 1365 1219 fidem
1391 1175 1568 1220 Christo
1594 1177 1860 1231 profiteatur.
1890 1176 2019 1219 Unde

321 1254 506 1294 vocatur
536 1258 827 1304 πειθημων
847 1259 878 1304 ⁴)
914 1252 955 1292 et
987 1257 1093 1304 νόῳ
1119 1255 1427 1302 πειθὴμονι
1451 1256 1480 1302 ⁵)
1514 1249 1690 1289 IOCUIUS
1723 1258 1822 1289 eSse
1847 1247 2019 1289 dicitur.

323 1323 419 1365 Hoc
450 1322 719 1364 vocabulum
753 1321 997 1376 significat:
1036 1333 1088 1371 „o
1108 1321 1135 1361 b
1154 1331 1176 1362 s
1195 1331 1217 1362 e
1238 1331 1264 1373 q
1283 1332 1309 1361 u
1329 1331 1351 1361 e
1371 1331 1397 1360 n
1416 1330 1451 1369 s,
1486 1331 1511 1360 o
1531 1319 1558 1360 b
1578 1330 1599 1360 e
1621 1318 1647 1359 d
1667 1319 1677 1359 i
1698 1330 1720 1359 e
1740 1330 1766 1359 n
1786 1316 1851 1360 δ”.
1888 1317 2020 1372 Apud

322 1393 530 1435 Nonnum
566 1392 697 1435 latius
730 1393 981 1434 extenditur
1014 1392 1144 1433 etiam
1180 1392 1222 1432 in
1257 1403 1371 1441 eum,
1408 1402 1462 1444 „q
1483 1390 1540 1431 ui
1577 1401 1598 1431 c
1620 1385 1833 1440 redit’'‚
1867 1391 1914 1430 ut

369 1474 453 1510 Par.
480 1474 540 1518 IX,
565 1474 634 1510 88:
685 1469 904 1519 ἀρτιφαὴς
930 1467 1202 1515 δ’ἀδόνητος
1228 1467 1338 1516 ἀνὴρ
1363 1481 1428 1505 πε
1444 1467 1591 1514 ιθήμ
1608 1481 1672 1504 ον
1688 1481 1699 1503 ι
1727 1466 1901 1514 μύθῳ

564 1544 633 1580 89:
684 1539 837 1578 ἔννεπε
862 1540 1084 1586 τολμήεις·
1111 1538 1181 1577 ὅτι
1207 1539 1422 1584 θεσκελός
1448 1537 1542 1575 ἐστι
1567 1537 1807 1586 προφήτης.

323 1610 454 1653 Locis
487 1610 541 1652 de
576 1609 704 1652 Petro
738 1610 930 1652 laudatis
963 1610 1120 1651 ambae
1153 1609 1505 1663 significationes
1539 1607 1881 1662 conjunguntur.

369 1692 453 1728 Par.
480 1692 571 1735 XIII,
601 1693 689 1728 105:
1023 1687 1148 1735 λάλῳ
1175 1684 1390 1735 δ’ἐρεζεινε
1416 1691 1558 1733 σιωπῇ

323 1752 478 1796 Petrus
511 1753 673 1807 pietate
707 1753 748 1794 et
781 1752 1000 1793 maestitia
1034 1751 1254 1800 retinetur,
1289 1762 1344 1792 ne
1377 1751 1526 1803 aperte
1560 1747 1802 1791 Dominum
1836 1747 1891 1790 de
1915 1759 2019 1801 pro-

323 1824 465 1866 ditore
499 1824 749 1877 interroget,
783 1822 863 1865 sed
898 1823 1006 1864 nutu
1034 1822 1193 1876 Joanni
1228 1820 1462 1875 significet,
1496 1821 1542 1862 ut
1564 1820 1814 1874 interroget.
1847 1817 1914 1860 De
1939 1818 2021 1860 hac

325 1896 434 1938 mira
481 1895 524 1937 in
573 1892 798 1937 Christum
849 1894 1026 1947 pietate,
1070 1905 1202 1946 quarn
1246 1891 1434 1933 Nonnus
1471 1891 1620 1933 verbis
1658 1889 2023 1943 exquisitissimis

327 1966 510 2017 extollit,
549 1964 843 2019 evangelium,
878 1975 1151 2017 quamquam
1195 1963 1366 2005 enarrat
1407 1973 1472 2012 ea,
1517 1973 1631 2015 quae
1674 1959 1829 2002 Petrus
1872 1970 2022 2002 amore

326 2035 489 2081 Christi
523 2036 684 2078 ductus
716 2035 833 2085 fecit,
868 2035 1051 2076 omnino
1084 2035 1212 2076 tacet.

381 2179 475 2234 Jam
520 2177 574 2220 de
617 2176 762 2228 Petro,
796 2178 984 2230 negante
1017 2186 1065 2218 se
1100 2173 1323 2218 Christum
1359 2185 1508 2223 nosse,
1542 2185 1686 2227 pauca
1720 2172 1878 2214 dicam.
1913 2171 2024 2213 Nam

326 2262 392 2300 ea,
441 2260 555 2303 quae
604 2247 761 2290 Petrus
809 2248 899 2289 tum
945 2247 1057 2288 dixit
1100 2247 1141 2287 et
1183 2245 1299 2295 fecit,
1336 2245 1392 2286 ab
1427 2244 1523 2298 ejus
1556 2244 1756 2285 moribus
1788 2243 2026 2285 abhorrere

327 2321 466 2362 videri
501 2320 705 2374 possunt.
738 2317 898 2360 Verum
932 2318 1158 2359 enimvero
1192 2315 1305 2358 Petri
1332 2314 1469 2357 indoli
1495 2326 1547 2356 ea
1574 2315 1763 2355 maxime
1783 2324 2026 2367 congruere

328 2391 516 2433 Nonnus
559 2390 716 2431 mirum
760 2389 803 2430 in
848 2387 1029 2430 modurn
1069 2387 1290 2440 exposuit.
1326 2385 1420 2427 Par.
1454 2383 1599 2435 XVlll,
1634 2384 1838 2426 78—129
1871 2382 2026 2425 Petrus

329 2463 446 2504 metu
490 2460 725 2515 perculsus
767 2457 992 2502 Christum
1036 2469 1084 2499 se
1129 2468 1263 2499 nosse
1307 2458 1451 2510 negat,
1491 2455 1705 2498 audaciae
1740 2454 1952 2509 pristinae
1986 2455 2028 2495 et

329 2533 538 2586 antiquae
588 2531 765 2585 pietatis
813 2531 1056 2572 immemor.
1105 2525 1194 2570 Sed
1240 2528 1277 2570 si
1322 2527 1557 2581 diligenter
1598 2525 1801 2568 attendas
1843 2524 2028 2566 audacis

331 2605 544 2652 naturam,
578 2601 768 2651 Petrum,
803 2600 1029 2653 ceteroqui
1063 2599 1293 2649 audacem,
1328 2599 1370 2639 in
1404 2599 1485 2640 hac
1520 2609 1563 2639 re
1597 2599 1714 2639 metu
1747 2596 1886 2638 fuisse
1913 2594 2029 2637 frac-

331 2675 422 2716 tum
458 2685 547 2715 non
581 2674 660 2722 est,
694 2684 772 2713 cur
802 2671 986 2713 mireris.
1019 2669 1176 2712 Audax
1208 2670 1301 2720 fuit,
1336 2681 1435 2710 cum
1469 2669 1580 2710 dixit

390 2748 475 2784 Par.
501 2748 594 2790 XIII,
624 2749 712 2783 155:
762 2746 837 2780 καὶ
862 2743 1013 2789 ψυχὴν
1039 2740 1293 2778 ἐθέλουσαι·
1319 2739 1428 2789 ὑπὲρ
1455 2740 1592 2777 σέθεν
1619 2738 1876 2786 ἐγγυαλίξω.

384 2865 411 2909 ¹)
440 2865 498 2902 Cf.
522 2866 579 2912 JO.
605 2865 698 2908 XIII,
722 2865 763 2900 6:
788 2862 890 2908 λέγει
916 2864 1025 2909 αὐτῷ.

385 2923 413 2968 ²)
441 2924 499 2961 Cf.
523 2925 581 2971 Jo.
604 2924 698 2967 XIII,
718 2925 763 2959 8:
786 2921 884 2967 λέγει
910 2923 1009 2968 αὐτῷ
1034 2920 1200 2964 Πέτρος;
1222 2921 1268 2957 cf.
1291 2921 1427 2967 Chrys.
1447 2921 1498 2956 Μ.
1523 2920 1563 2956 Ρ.
1583 2918 1630 2956 G.
1651 2919 1740 2962 LIX,
1759 2919 1845 2962 3835
1872 2915 2027 2960 ἑκάτερα

334 2981 375 3018 δὲ
402 2982 438 3024 ἐξ
467 2981 625 3027 ἀγάπης.

384 3041 413 3085 ⁸)
441 3041 500 3078 Cf.
522 3043 578 3089 JO.
607 3043 699 3085 XIII,
726 3042 794 3078 36:
822 3039 919 3086 λέγει
945 3041 1045 3087 αὐτῷ
1072 3041 1198 3084 Σίμων
1223 3037 1374 3083 Πέτρος.

383 3101 412 3146 ⁴)
440 3101 523 3137 Par.
550 3102 608 3145 VI,
635 3102 727 3144 22l;
755 3100 803 3136 cf.
831 3112 866 3136 n.
893 3101 950 3136 82.
1477 3095 1506 3141 ⁵)
1534 3097 1617 3132 Par.
1645 3096 1738 3139 XIII,
1764 3097 1821 3131 41.
