2180 3606
157 640 210 682 N.
236 640 277 683 8.

164 2169 214 2211 N.
242 2169 283 2211 9.

1167 176 1218 218 12

342 308 387 348 ut
419 317 498 349 eos
530 306 791 360 simpliciter
822 316 1107 348 enumerasse
1140 304 1344 348 sufficiat.
1368 306 1649 361 Longissima
1671 303 1852 358 quidem
1877 303 2035 346 lacuna

342 379 408 420 est
452 380 555 432 pOSt
590 377 631 428 6,
666 390 704 418 ν.
743 376 837 427 163,
872 376 947 429 qui
982 387 1138 418 VerSuS
1170 380 1380 431 ὺστατίης
1405 383 1481 421 ὅτε
1508 384 1665 431 φέγγος
1691 380 1921 419 ἐλεύσεται
1946 379 2037 430 ἠρι-

339 457 506 502 γενείης
538 448 608 490 bis
640 447 728 489 fere
763 446 880 488 idem
915 447 1091 500 positus
1125 447 1167 488 in
1201 458 1337 490 causa
1369 447 1463 498 fuit,
1498 451 1543 489 ut
1568 445 1827 488 intermedia
1849 456 2037 499 respon-

341 519 491 561 dentia
522 517 740 571 evangelii
775 516 981 559 versibus
1013 517 1054 568 6,
1086 517 1263 560 41—54
1296 529 1440 560 errore
1474 514 1804 560 omitterentur'’
1823 513 1870 570 ¹).
1939 561 1942 566 ,

400 634 537 686 Quae‘
573 635 630 677 sit
677 633 861 688 Josephi
916 634 1092 676 indoles
1145 636 1187 677 et
1239 646 1353 689 quae
1402 636 1512 677 ratio
1561 633 1803 676 intercedat
1849 633 1887 675 ei
1937 643 2036 674 cum

340 706 493 756 Maria,
542 704 755 747 describit
802 704 991 748 Nonnus
1040 717 1129 747 uno
1167 707 1335 748 tantum
1375 705 1598 748 vocabulo
1636 704 1838 746 adhibito
1877 713 2038 757 nempe

339 782 495 830 ὅσιος
525 772 572 829 ²),
615 775 738 830 quod
779 775 1001 830 significat
1051 775 1137 827 „id
1186 777 1353 830 quod
1402 779 1498 819 est
1541 775 1893 819 secundum
1937 774 2037 829 ius

341 847 368 888 d
388 847 399 888 i
419 847 520 889 vin
540 858 566 888 u
586 846 671 893 m'’.
708 858 844 893 „san
864 849 963 889 ctu
983 846 1049 897 s'',
1086 847 1123 902 „j
1145 860 1170 890 u
1190 847 1373 890 stus”.
1408 847 1503 890 Hoc
1537 847 1717 890 nomine
1750 845 1852 900 justi
1882 844 2040 900 appel-

341 918 454 960 latur
488 917 657 972 Joseph
710 929 736 960 a
773 917 1000 960 Matthaeo
1027 915 1077 973 3),
1111 918 1270 960 eodem
1305 930 1521 973 persaepe
1555 919 1598 960 in
1633 917 1827 960 Historia
1853 915 2038 971 Josephi

339 988 451 1030 fabri
501 988 689 1043 lignarii,
734 991 802 1031 ut:
851 986 1155 1039 „Quaeramus
1199 990 1341 1032 virum
1382 989 1622 1045 iustum
1665 985 1748 1042 (et)
1791 987 1928 1042 pium,
1968 986 2038 1028 cui

341 1059 638 1101 committatur
680 1059 820 1102 Maria
863 1071 1006 1114 usque
1049 1060 1106 1103 ad
1139 1062 1315 1115 tempus
1349 1058 1655 1115 nuptiarum'’;
1688 1062 1803 1101 tum:
1841 1056 2042 1103 ..Cecidit

340 1133 487 1173 autem
531 1142 630 1173 sors
671 1133 807 1186 super
849 1142 1003 1174 senem
1047 1132 1185 1186 pium,
1213 1131 1461 1187 Josephum
1494 1128 1787 1186 justum”;
1821 1128 2040 1182 denique:

345 1199 569 1256 „Surgens
602 1201 752 1255 itaque
785 1213 923 1245 senex
954 1202 1146 1257 iustus
1174 1202 1416 1257 Josephus‚
1438 1201 1615 1255 accepit
1636 1196 1831 1253 (secum)
1854 1198 2040 1241 Mariam

342 1272 573 1327 virginem.
609 1272 660 1314 Et
691 1274 908 1315 venerunt
940 1268 1372 1326 Bethlehemum''⁴).
1407 1271 1470 1313 Ex
1503 1283 1594 1326 quo
1629 1270 1896 1325 intellegitur
1914 1280 2043 1324 para·
2071 1319 2075 1322 q

343 1343 567 1397 phrastam
602 1343 703 1385 loco
737 1342 916 1385 laudato
944 1345 1174 1398 acceptam
1198 1343 1255 1385 ab
1278 1343 1475 1396 antiquis
1498 1342 1758 1396 opinionem
1783 1340 1837 1382 de
1855 1339 2041 1395 Josephi

341 1413 509 1468 justitia
546 1416 747 1456 secutum
782 1425 896 1465 esse,
930 1414 1009 1456 sed
1045 1425 1125 1469 pro
1158 1413 1382 1456 vocabulo
1415 1422 1603 1466 δίκαιος,
1638 1424 1729 1466 quo
1763 1412 1896 1454 utitur
1927 1410 2044 1452 Mat-

342 1485 514 1534 thaeus,
556 1484 819 1527 adhibuisse
858 1496 1015 1527 vocem
1038 1490 1173 1538 ὅσιος.
1202 1483 1294 1526 Hac
1331 1486 1477 1527 autem
1517 1495 1627 1526 voce
1667 1485 1799 1538 poeta
1836 1481 2042 1524 consulto

344 1566 452 1598 usus
494 1566 596 1598 esse
637 1556 743 1597 mihi
786 1555 973 1606 videtur,
1014 1556 1271 1610 praesertim
1311 1566 1412 1597 cum
1457 1555 1617 1597 habeat
1659 1554 1714 1596 de
1758 1552 1855 1595 Deo
1890 1551 2040 1594 Patre:

343 1636 549 1671 δίκαιε
573 1633 725 1682 πάτερ,
760 1626 876 1668 sicut
908 1627 1006 1680 ipse
1035 1625 1249 1680 Joannes:
1272 1634 1411 1681 πάτερ
1435 1634 1583 1669 δίκαιε
1601 1622 1650 1679 ⁵),
1674 1636 1820 1678 neque
1842 1623 2043 1665 vocabu-

345 1699 434 1740 lum
464 1697 711 1753 Joanneum
745 1694 1131 1751 δικαιοσύνης)
1165 1698 1380 1739 vitaverit.
1414 1694 1503 1740 Sed
1538 1698 1584 1738 ut
1615 1695 1735 1750 apud
1768 1694 2042 1737 Matthaeum

340 1769 508 1824 Joseph
549 1768 716 1811 Mariae
760 1768 961 1823 dignitati
996 1768 1222 1811 consuluit
1255 1768 1327 1819 ita,
1360 1770 1407 1810 ut
1443 1767 1606 1815 „nollet
1639 1778 1735 1809 eam
1769 1763 2043 1815 traducere”,

349 1852 474 1889 „cum
510 1841 629 1882 esset
655 1839 829 1894 iustus’'
853 1851 916 1882 sc.
951 1848 1195 1893 ,δίκαιος
1221 1843 1314 1883 ὤν’
1331 1835 1378 1893 ⁷),
1406 1839 1471 1881 sic
1496 1839 1672 1892 po‘e'tam
1698 1837 1820 1892 pium
1845 1835 2042 1878 habitum

341 1910 524 1967 Josephi
559 1910 716 1965 sponsi
751 1922 855 1964 erga
886 1921 1103 1964 sponsam
1136 1910 1323 1952 Mariam
1357 1909 1564 1952 illustrari
1597 1908 1797 1950 voluisse
1819 1905 2044 1949 vocabulo

345 1982 487 2037 magis
528 1993 657 2024 sacro
698 1986 852 2035 ὅσιος
896 1981 1136 2024 verisimile
1169 1983 1249 2024 est.
1284 1979 1413 2024 Unde
1445 1979 1504 2031 fit,
1539 1981 1585 2022 ut
1616 1979 1824 2034 religiose
1858 1988 2040 2032 quoque

345 2053 480 2095 addat
511 2064 668 2095 VOCem
702 2059 990 2107 βοώμενον
1022 2052 1078 2094 ad
1113 2058 1213 2096 υἱὸν
1234 2056 1392 2105 Ἰωσήφ
1414 2058 1459 2105 ⁸).

406 2169 642 2224 Reliquum
677 2171 756 2220 est,
790 2171 836 2211 ut
867 2181 995 2224 agam
1030 2169 1084 2211 de
1117 2169 1340 2219 fratribus,
1374 2168 1450 2222 qui
1476 2167 1694 2218 dicuntur,
1719 2165 1915 2208 Domini.
1939 2165 2043 2208 Loci

345 2243 505 2292 autem,
539 2240 615 2295 qui
651 2240 736 2282 huc
770 2242 988 2295 spectant,
1022 2242 1125 2282 sunt
1141 2236 1193 2293 9);

393 2322 476 2358 Par.
502 2322 542 2365 ΙΙ,
568 2322 637 2358 65:
687 2315 822 2365 αὐτὸς
848 2315 964 2363 ὁμοῦ
989 2319 1153 2365 γνωτοί
1179 2330 1227 2354 τε
1253 2316 1514 2363 συνήλυδες.

489 2392 566 2436 Vll,
595 2392 640 2428 9:
688 2391 854 2436 γνωτοὶ
879 2388 1130 2433 ψευδαλέοι
1156 2388 1416 2436 τετράζυγες
1442 2380 1534 2433 υἷες
1554 2383 1727 2432 Ἰωσήφ.

574 2464 641 2500 21;
691 2464 891 2508 Χριστοῦ
917 2459 1257 2505 παμμεδέοντος
1284 2457 1521 2505 ἀδελφειοὶ
1545 2470 1627 2504 περ
1653 2455 1815 2503 ἐόντες.

574 2535 642 2571 36:
690 2533 854 2578 γνωτοὶ
881 2527 989 2577 δ’ὡς
1015 2529 1254 2577 ἀνέβαινον
1280 2528 1323 2576 ἐς
1350 2528 1486 2578 ἱερὸν.

400 2661 428 2707 ¹)
455 2662 513 2699 De
538 2664 731 2708 evangelii
755 2664 916 2710 Joannei
944 2663 1173 2708 paraphrasi
1200 2672 1222 2699 a
1249 2663 1390 2699 Nonno
1417 2663 1521 2698 facta
1546 2662 1783 2704 dissertatio,
1808 2671 1844 2706 p.
1870 2661 1903 2697 8.

400 2721 429 2766 9)
455 2722 539 2758 Par.
566 2722 590 2765 1,
620 2723 704 2766 182;
731 2723 780 2758 cf.
807 2733 843 2758 n.
869 2724 926 2758 75.
1333 2719 1362 2765 ³)
1391 2722 1527 2757 Matth.
1554 2721 1578 2764 1,
1607 2721 1660 2757 19.

399 2780 429 2826 ⁴)
452 2783 482 2829 J.
516 2781 558 2818 C.
591 2781 719 2825 Thilo,
753 2781 887 2818 Codex
921 2782 1171 2827 apocryphus
1197 2781 1242 2817 N.
1268 2780 1325 2824 T„
1352 2781 1447 2817 Hist.
1469 2781 1549 2827 Jos.
1575 2780 1674 2816 fabri
1701 2780 1805 2826 lign.,
1831 2789 1864 2816 c.
1891 2778 1954 2823 111;
1981 2778 2045 2821 1V;

349 2842 433 2885 Vll;
459 2841 617 2886 passim.

401 2898 430 2943 ὅ)
453 2901 510 2947 Jo.
537 2900 649 2943 XVll,
675 2901 721 2936 25
743 2914 784 2929 =
804 2900 887 2937 Par.
918 2900 1030 2941 XVII,
1056 2900 1114 2936 87.
1340 2897 1369 2943 τ)
1397 2899 1532 2935 Matth.
1561 2898 1584 2940 1,
1614 2899 1667 2934 19.

401 2957 430 3002 ⁸)
453 2960 498 3005 Jo
538 2958 635 3005 XVl,
660 2960 706 3002 8;
736 2959 801 3002 10;
828 2959 877 2995 cf.
904 2959 988 2995 Par.
1015 2958 1111 2998 XVl.
1138 2959 1203 3001 30;
1229 2959 1286 2994 32.
1339 2955 1369 3001 ⁸)
1397 2957 1481 2993 Par.
1509 2957 1533 3000 l,
1562 2958 1639 2993 182.

400 3015 430 3061 ⁹)
457 3017 516 3054 Cf.
546 3019 603 3064 JO.
636 3019 676 3062 ΙΙ,
713 3020 773 3062 12;
809 3019 884 3061 Vll,
919 3020 965 3060 33
998 3019 1043 3061 5;
1081 3019 1145 3061 10;
1172 3018 1308 3054 Matth.
1336 3017 1413 3061 ΧΙΙ,
1439 3017 1602 3060 46-5Ο;
1629 3016 1722 3060 ΧΙΙΙ,
1747 3017 1816 3060 55;
1842 3016 1962 3052 Marc.
1989 3015 2046 3059 ΙΙΙ,

349 3077 512 3120 31-35;
539 3076 602 3120 VI,
628 3078 673 3120 3;
700 3077 789 3113 Luc.
816 3077 908 3121 Vlll,
938 3078 1096 3120 19-21;
1125 3077 1209 3112 Act.
1237 3076 1260 3120 Ι,
1289 3077 1342 3112 14.
