<?xml version="1.0" encoding="UTF-8"?>
<!DOCTYPE html PUBLIC "-//W3C//DTD XHTML 1.0 Transitional//EN"
    "http://www.w3.org/TR/xhtml1/DTD/xhtml1-transitional.dtd">
<html xmlns="http://www.w3.org/1999/xhtml" xml:lang="en" lang="en">
 <head>
  <title>
</title>
<meta http-equiv="Content-Type" content="text/html;charset=utf-8" />
  <meta name='ocr-system' content='tesseract 3.04.00' />
  <meta name='ocr-capabilities' content='ocr_page ocr_carea ocr_par ocr_line ocrx_word'/>
</head>
<body>
  <div class='ocr_page' id='page_1' title='image "./quaestionesnonni00preluoft_0150.png"; bbox 0 0 2180 3606; ppageno 0'>
   <div class='ocr_carea' id='block_1_1' title="bbox 1156 201 1237 243">
    <p class='ocr_par' dir='ltr' id='par_1_1' title="bbox 1156 201 1237 243">
     <span class='ocr_line' id='line_1_1' title="bbox 1156 201 1237 243; baseline 0 0"><span class='ocrx_word' id='word_1_1' title='bbox 1156 201 1237 243; x_wconf 84' lang='lat'>132</span> 
     </span>
    </p>
   </div>
   <div class='ocr_carea' id='block_1_2' title="bbox 342 327 2045 2740">
    <p class='ocr_par' dir='ltr' id='par_1_2' title="bbox 342 327 2045 2740">
     <span class='ocr_line' id='line_1_2' title="bbox 401 327 1140 375; baseline -0.003 -10"><span class='ocrx_word' id='word_1_2' title='bbox 401 328 709 375; x_wconf 75' lang='grc' dir='ltr'><strong><em>θεηδόχος</em></strong></span> <span class='ocrx_word' id='word_1_3' title='bbox 733 350 779 354; x_wconf 93' lang='grc'>-</span> <span class='ocrx_word' id='word_1_4' title='bbox 805 330 887 366; x_wconf 81' lang='lat' dir='ltr'>Par.</span> <span class='ocrx_word' id='word_1_5' title='bbox 915 330 1013 372; x_wconf 95' lang='lat' dir='ltr'>XXI,</span> <span class='ocrx_word' id='word_1_6' title='bbox 1039 327 1140 372; x_wconf 85' lang='lat'><strong>47†.</strong></span> 
     </span>
     <span class='ocr_line' id='line_1_3' title="bbox 347 395 2036 446; baseline -0.003 -10"><span class='ocrx_word' id='word_1_7' title='bbox 347 397 351 401; x_wconf 75' lang='grc'><strong><em>’</em></strong></span> <span class='ocrx_word' id='word_1_8' title='bbox 401 399 713 446; x_wconf 83' lang='grc' dir='ltr'><strong><em>θεημάχος</em></strong></span> <span class='ocrx_word' id='word_1_9' title='bbox 737 419 784 424; x_wconf 86' lang='grc'><strong><em>-</em></strong></span> <span class='ocrx_word' id='word_1_10' title='bbox 810 400 893 436; x_wconf 85' lang='lat' dir='ltr'>Par.</span> <span class='ocrx_word' id='word_1_11' title='bbox 928 399 984 443; x_wconf 95' lang='lat' dir='ltr'>III,</span> <span class='ocrx_word' id='word_1_12' title='bbox 1017 400 1082 442; x_wconf 85' lang='lat'>94;</span> <span class='ocrx_word' id='word_1_13' title='bbox 1118 398 1210 442; x_wconf 95' lang='lat' dir='ltr'>VIII,</span> <span class='ocrx_word' id='word_1_14' title='bbox 1239 399 1324 441; x_wconf 87' lang='lat'>107;</span> <span class='ocrx_word' id='word_1_15' title='bbox 1351 398 1481 442; x_wconf 94' lang='lat' dir='ltr'>XVIII,</span> <span class='ocrx_word' id='word_1_16' title='bbox 1505 398 1571 441; x_wconf 85' lang='lat'>66;</span> <span class='ocrx_word' id='word_1_17' title='bbox 1599 397 1712 433; x_wconf 85' lang='lat' dir='ltr'>Dion.</span> <span class='ocrx_word' id='word_1_18' title='bbox 1739 397 1763 440; x_wconf 97' lang='lat' dir='ltr'>I,</span> <span class='ocrx_word' id='word_1_19' title='bbox 1790 397 1855 440; x_wconf 86' lang='lat'>42;</span> <span class='ocrx_word' id='word_1_20' title='bbox 1880 397 1968 439; x_wconf 86' lang='lat'><strong>283;</strong></span> <span class='ocrx_word' id='word_1_21' title='bbox 1996 395 2036 438; x_wconf 95' lang='lat' dir='ltr'>II,</span> 
     </span>
     <span class='ocr_line' id='line_1_4' title="bbox 345 472 906 516; baseline -0.005 -7"><span class='ocrx_word' id='word_1_22' title='bbox 345 473 430 516; x_wconf 87' lang='lat'>161;</span> <span class='ocrx_word' id='word_1_23' title='bbox 455 474 544 516; x_wconf 86' lang='lat'>571;</span> <span class='ocrx_word' id='word_1_24' title='bbox 570 472 705 515; x_wconf 88' lang='lat' dir='ltr'>XXIX,</span> <span class='ocrx_word' id='word_1_25' title='bbox 729 472 794 515; x_wconf 78' lang='lat'>423</span> <span class='ocrx_word' id='word_1_26' title='bbox 821 472 906 507; x_wconf 76' lang='lat' dir='ltr'>cet..</span> 
     </span>
     <span class='ocr_line' id='line_1_5' title="bbox 402 540 1366 587; baseline -0.002 -10"><span class='ocrx_word' id='word_1_27' title='bbox 402 540 700 587; x_wconf 83' lang='grc' dir='ltr'><strong><em>θεητόκος</em></strong></span> <span class='ocrx_word' id='word_1_28' title='bbox 723 561 771 565; x_wconf 90' lang='grc'><strong>-</strong></span> <span class='ocrx_word' id='word_1_29' title='bbox 796 541 880 578; x_wconf 85' lang='lat' dir='ltr'>Par.</span> <span class='ocrx_word' id='word_1_30' title='bbox 906 542 947 584; x_wconf 93' lang='lat' dir='ltr'>lI,</span> <span class='ocrx_word' id='word_1_31' title='bbox 972 541 1012 584; x_wconf 88' lang='lat'>9;</span> <span class='ocrx_word' id='word_1_32' title='bbox 1038 541 1103 584; x_wconf 88' lang='lat'>66;</span> <span class='ocrx_word' id='word_1_33' title='bbox 1130 540 1260 583; x_wconf 86' lang='lat' dir='ltr'>XVIII,</span> <span class='ocrx_word' id='word_1_34' title='bbox 1288 540 1366 576; x_wconf 87' lang='grc'><strong>135.</strong></span> 
     </span>
     <span class='ocr_line' id='line_1_6' title="bbox 344 609 2038 668; baseline -0.004 -11"><span class='ocrx_word' id='word_1_35' title='bbox 344 615 509 658; x_wconf 87' lang='lat' dir='ltr'>Harum</span> <span class='ocrx_word' id='word_1_36' title='bbox 542 626 702 656; x_wconf 89' lang='lat' dir='ltr'>vocum</span> <span class='ocrx_word' id='word_1_37' title='bbox 737 613 857 656; x_wconf 90' lang='lat' dir='ltr'>nulla</span> <span class='ocrx_word' id='word_1_38' title='bbox 880 613 1039 668; x_wconf 85' lang='lat' dir='ltr'>legitur</span> <span class='ocrx_word' id='word_1_39' title='bbox 1060 613 1104 654; x_wconf 90' lang='lat' dir='ltr'>in</span> <span class='ocrx_word' id='word_1_40' title='bbox 1128 611 1258 654; x_wconf 91' lang='lat' dir='ltr'>Novo</span> <span class='ocrx_word' id='word_1_41' title='bbox 1279 611 1581 661; x_wconf 85' lang='lat' dir='ltr'>Testamento,</span> <span class='ocrx_word' id='word_1_42' title='bbox 1606 610 1649 652; x_wconf 86' lang='lat' dir='ltr'>in</span> <span class='ocrx_word' id='word_1_43' title='bbox 1673 621 1764 664; x_wconf 89' lang='lat' dir='ltr'>quo</span> <span class='ocrx_word' id='word_1_44' title='bbox 1787 609 2038 664; x_wconf 88' lang='lat' dir='ltr'>composita</span> 
     </span>
     <span class='ocr_line' id='line_1_7' title="bbox 343 678 2037 740; baseline -0.004 -11"><span class='ocrx_word' id='word_1_45' title='bbox 343 698 444 729; x_wconf 88' lang='lat' dir='ltr'>cum</span> <span class='ocrx_word' id='word_1_46' title='bbox 487 697 574 740; x_wconf 74' lang='grc' dir='ltr'>θεη</span> <span class='ocrx_word' id='word_1_47' title='bbox 598 715 646 720; x_wconf 90' lang='grc'><strong>-</strong></span> <span class='ocrx_word' id='word_1_48' title='bbox 687 697 776 727; x_wconf 90' lang='lat' dir='ltr'>non</span> <span class='ocrx_word' id='word_1_49' title='bbox 818 685 1055 726; x_wconf 86' lang='lat' dir='ltr'>occurrunt</span> <span class='ocrx_word' id='word_1_50' title='bbox 1091 683 1207 725; x_wconf 89' lang='lat' dir='ltr'>sicut</span> <span class='ocrx_word' id='word_1_51' title='bbox 1239 693 1386 737; x_wconf 88' lang='lat' dir='ltr'>neque</span> <span class='ocrx_word' id='word_1_52' title='bbox 1420 682 1463 724; x_wconf 91' lang='lat' dir='ltr'>in</span> <span class='ocrx_word' id='word_1_53' title='bbox 1498 681 1707 723; x_wconf 88' lang='lat' dir='ltr'><strong>Homero.</strong></span> <span class='ocrx_word' id='word_1_54' title='bbox 1740 678 1828 724; x_wconf 85' lang='lat' dir='ltr'>Sed</span> <span class='ocrx_word' id='word_1_55' title='bbox 1860 679 1955 723; x_wconf 82' lang='lat' dir='ltr'>Act.</span> <span class='ocrx_word' id='word_1_56' title='bbox 1988 679 2037 729; x_wconf 91' lang='lat' dir='ltr'>V,</span> 
     </span>
     <span class='ocr_line' id='line_1_8' title="bbox 342 757 1020 811; baseline -0.001 -12"><span class='ocrx_word' id='word_1_57' title='bbox 342 757 400 799; x_wconf 83' lang='lat'>39</span> <span class='ocrx_word' id='word_1_58' title='bbox 432 758 644 811; x_wconf 88' lang='lat' dir='ltr'>scriptum</span> <span class='ocrx_word' id='word_1_59' title='bbox 678 757 745 798; x_wconf 88' lang='lat' dir='ltr'>est</span> <span class='ocrx_word' id='word_1_60' title='bbox 775 762 1020 808; x_wconf 70' lang='grc' dir='ltr'><strong><em>θεομάχος.</em></strong></span> 
     </span>
     <span class='ocr_line' id='line_1_9' title="bbox 344 827 759 871; baseline -0.007 0"><span class='ocrx_word' id='word_1_61' title='bbox 344 828 574 871; x_wconf 85' lang='lat' dir='ltr'>Praeterea</span> <span class='ocrx_word' id='word_1_62' title='bbox 606 827 759 869; x_wconf 92' lang='lat' dir='ltr'>utitur:</span> 
     </span>
     <span class='ocr_line' id='line_1_10' title="bbox 401 902 1156 952; baseline -0.001 -10"><span class='ocrx_word' id='word_1_63' title='bbox 401 906 741 952; x_wconf 77' lang='grc' dir='ltr'><strong><em>θεόγληνος</em></strong></span> <span class='ocrx_word' id='word_1_64' title='bbox 764 924 813 931; x_wconf 88' lang='lat'>—</span> <span class='ocrx_word' id='word_1_65' title='bbox 837 906 921 943; x_wconf 84' lang='lat' dir='ltr'>Par.</span> <span class='ocrx_word' id='word_1_66' title='bbox 947 906 1030 950; x_wconf 90' lang='lat' dir='ltr'>XX,</span> <span class='ocrx_word' id='word_1_67' title='bbox 1055 902 1156 949; x_wconf 87' lang='lat'><strong>54†.</strong></span> 
     </span>
     <span class='ocr_line' id='line_1_11' title="bbox 402 973 1758 1024; baseline -0.004 -10"><span class='ocrx_word' id='word_1_68' title='bbox 402 976 792 1024; x_wconf 78' lang='grc' dir='ltr'><strong><em>θεόγλωσσος</em></strong></span> <span class='ocrx_word' id='word_1_69' title='bbox 815 997 862 1001; x_wconf 88' lang='grc'>-</span> <span class='ocrx_word' id='word_1_70' title='bbox 889 977 971 1014; x_wconf 84' lang='lat' dir='ltr'>Par.</span> <span class='ocrx_word' id='word_1_71' title='bbox 998 977 1039 1020; x_wconf 85' lang='lat'>11,</span> <span class='ocrx_word' id='word_1_72' title='bbox 1068 977 1153 1019; x_wconf 90' lang='grc'><strong>108;</strong></span> <span class='ocrx_word' id='word_1_73' title='bbox 1180 975 1225 1019; x_wconf 90' lang='lat' dir='ltr'>V,</span> <span class='ocrx_word' id='word_1_74' title='bbox 1253 976 1337 1019; x_wconf 86' lang='lat'>147;</span> <span class='ocrx_word' id='word_1_75' title='bbox 1364 974 1441 1019; x_wconf 91' lang='lat' dir='ltr'>VII,</span> <span class='ocrx_word' id='word_1_76' title='bbox 1470 975 1555 1018; x_wconf 85' lang='lat'>100;</span> <span class='ocrx_word' id='word_1_77' title='bbox 1582 973 1675 1017; x_wconf 92' lang='lat' dir='ltr'>VIII,</span> <span class='ocrx_word' id='word_1_78' title='bbox 1700 973 1758 1009; x_wconf 88' lang='lat'>22.</span> 
     </span>
     <span class='ocr_line' id='line_1_12' title="bbox 402 1046 1670 1094; baseline -0.003 -9"><span class='ocrx_word' id='word_1_79' title='bbox 402 1048 764 1094; x_wconf 77' lang='grc' dir='ltr'><strong><em>θεοδέγμων</em></strong></span> <span class='ocrx_word' id='word_1_80' title='bbox 788 1068 836 1072; x_wconf 92' lang='grc'>-</span> <span class='ocrx_word' id='word_1_81' title='bbox 861 1048 944 1085; x_wconf 82' lang='lat' dir='ltr'>Par.</span> <span class='ocrx_word' id='word_1_82' title='bbox 971 1048 996 1091; x_wconf 94' lang='lat' dir='ltr'>I,</span> <span class='ocrx_word' id='word_1_83' title='bbox 1020 1049 1082 1091; x_wconf 87' lang='lat'>23;</span> <span class='ocrx_word' id='word_1_84' title='bbox 1112 1048 1197 1091; x_wconf 84' lang='lat'>148;</span> <span class='ocrx_word' id='word_1_85' title='bbox 1224 1047 1280 1091; x_wconf 93' lang='lat' dir='ltr'>III,</span> <span class='ocrx_word' id='word_1_86' title='bbox 1309 1047 1394 1089; x_wconf 87' lang='lat'>155;</span> <span class='ocrx_word' id='word_1_87' title='bbox 1421 1047 1495 1082; x_wconf 76' lang='lat' dir='ltr'>cet.</span> <span class='ocrx_word' id='word_1_88' title='bbox 1522 1046 1670 1082; x_wconf 83' lang='lat' dir='ltr'>novies.</span> 
     </span>
     <span class='ocr_line' id='line_1_13' title="bbox 403 1116 1545 1164; baseline -0.004 -8"><span class='ocrx_word' id='word_1_89' title='bbox 403 1116 772 1164; x_wconf 76' lang='grc' dir='ltr'><strong><em>θεοδινὴς-</em></strong></span> <span class='ocrx_word' id='word_1_90' title='bbox 798 1120 881 1156; x_wconf 84' lang='lat' dir='ltr'>Par.</span> <span class='ocrx_word' id='word_1_91' title='bbox 908 1120 932 1163; x_wconf 96' lang='lat' dir='ltr'>I,</span> <span class='ocrx_word' id='word_1_92' title='bbox 957 1119 1104 1163; x_wconf 82' lang='lat'>93;111,</span> <span class='ocrx_word' id='word_1_93' title='bbox 1129 1119 1194 1162; x_wconf 81' lang='lat'>43;</span> <span class='ocrx_word' id='word_1_94' title='bbox 1222 1118 1282 1161; x_wconf 90' lang='lat' dir='ltr'>IV,</span> <span class='ocrx_word' id='word_1_95' title='bbox 1307 1117 1373 1161; x_wconf 78' lang='lat'>673</span> <span class='ocrx_word' id='word_1_96' title='bbox 1400 1117 1461 1160; x_wconf 94' lang='lat' dir='ltr'>VI,</span> <span class='ocrx_word' id='word_1_97' title='bbox 1487 1117 1545 1153; x_wconf 90' lang='lat'>81.</span> 
     </span>
     <span class='ocr_line' id='line_1_14' title="bbox 402 1187 1664 1236; baseline -0.004 -9"><span class='ocrx_word' id='word_1_98' title='bbox 402 1190 755 1236; x_wconf 81' lang='grc' dir='ltr'><strong><em>θεόδμητος</em></strong></span> <span class='ocrx_word' id='word_1_99' title='bbox 779 1210 826 1215; x_wconf 80' lang='lat'>—-</span> <span class='ocrx_word' id='word_1_100' title='bbox 851 1191 935 1227; x_wconf 84' lang='lat' dir='ltr'>Par.</span> <span class='ocrx_word' id='word_1_101' title='bbox 962 1191 1002 1234; x_wconf 89' lang='lat' dir='ltr'>II,</span> <span class='ocrx_word' id='word_1_102' title='bbox 1031 1191 1116 1233; x_wconf 86' lang='lat'>110;</span> <span class='ocrx_word' id='word_1_103' title='bbox 1143 1189 1203 1233; x_wconf 94' lang='lat' dir='ltr'>IV,</span> <span class='ocrx_word' id='word_1_104' title='bbox 1228 1188 1436 1232; x_wconf 82' lang='lat' dir='ltr'>94;cf.11.</span> <span class='ocrx_word' id='word_1_105' title='bbox 1463 1187 1558 1231; x_wconf 93' lang='lat' dir='ltr'>VIII,</span> <span class='ocrx_word' id='word_1_106' title='bbox 1582 1187 1664 1223; x_wconf 89' lang='grc'><strong>519.</strong></span> 
     </span>
     <span class='ocr_line' id='line_1_15' title="bbox 402 1257 1864 1308; baseline -0.004 -10"><span class='ocrx_word' id='word_1_107' title='bbox 402 1261 744 1307; x_wconf 77' lang='grc' dir='ltr'><strong><em>θεόκλητος</em></strong></span> <span class='ocrx_word' id='word_1_108' title='bbox 769 1282 816 1286; x_wconf 91' lang='grc'><strong>-</strong></span> <span class='ocrx_word' id='word_1_109' title='bbox 841 1262 924 1299; x_wconf 87' lang='lat' dir='ltr'>Par.</span> <span class='ocrx_word' id='word_1_110' title='bbox 952 1262 976 1305; x_wconf 96' lang='lat' dir='ltr'>I,</span> <span class='ocrx_word' id='word_1_111' title='bbox 1001 1262 1064 1305; x_wconf 84' lang='lat'>77;</span> <span class='ocrx_word' id='word_1_112' title='bbox 1091 1261 1132 1305; x_wconf 90' lang='lat' dir='ltr'>II,</span> <span class='ocrx_word' id='word_1_113' title='bbox 1156 1261 1220 1304; x_wconf 85' lang='lat'>72;</span> <span class='ocrx_word' id='word_1_114' title='bbox 1246 1259 1308 1303; x_wconf 94' lang='lat' dir='ltr'>IV,</span> <span class='ocrx_word' id='word_1_115' title='bbox 1335 1259 1422 1303; x_wconf 89' lang='lat'>100;</span> <span class='ocrx_word' id='word_1_116' title='bbox 1449 1258 1510 1302; x_wconf 94' lang='lat' dir='ltr'>IX,</span> <span class='ocrx_word' id='word_1_117' title='bbox 1539 1259 1624 1308; x_wconf 71' lang='lat'>1175</span> <span class='ocrx_word' id='word_1_118' title='bbox 1652 1257 1782 1301; x_wconf 92' lang='lat' dir='ltr'>XVIII,</span> <span class='ocrx_word' id='word_1_119' title='bbox 1808 1257 1864 1294; x_wconf 85' lang='lat'>98.</span> 
     </span>
     <span class='ocr_line' id='line_1_16' title="bbox 403 1329 1167 1377; baseline -0.001 -9"><span class='ocrx_word' id='word_1_120' title='bbox 403 1331 752 1377; x_wconf 81' lang='grc' dir='ltr'><strong><em>θεόκμητος</em></strong></span> <span class='ocrx_word' id='word_1_121' title='bbox 776 1352 823 1357; x_wconf 88' lang='grc'>-</span> <span class='ocrx_word' id='word_1_122' title='bbox 849 1332 932 1369; x_wconf 84' lang='lat' dir='ltr'>Par.</span> <span class='ocrx_word' id='word_1_123' title='bbox 959 1332 1042 1375; x_wconf 88' lang='lat' dir='ltr'>XX,</span> <span class='ocrx_word' id='word_1_124' title='bbox 1066 1329 1167 1375; x_wconf 86' lang='lat'><strong>82†.</strong></span> 
     </span>
     <span class='ocr_line' id='line_1_17' title="bbox 404 1399 1153 1449; baseline -0.003 -9"><span class='ocrx_word' id='word_1_125' title='bbox 404 1403 702 1449; x_wconf 80' lang='grc' dir='ltr'><strong><em>θεόμητις</em></strong></span> <span class='ocrx_word' id='word_1_126' title='bbox 728 1423 774 1427; x_wconf 93' lang='grc'>-</span> <span class='ocrx_word' id='word_1_127' title='bbox 800 1403 883 1440; x_wconf 83' lang='lat' dir='ltr'>Par.</span> <span class='ocrx_word' id='word_1_128' title='bbox 910 1403 1003 1447; x_wconf 89' lang='lat' dir='ltr'>VIII,</span> <span class='ocrx_word' id='word_1_129' title='bbox 1031 1399 1153 1446; x_wconf 87' lang='lat'>121†.</span> 
     </span>
     <span class='ocr_line' id='line_1_18' title="bbox 405 1470 1121 1518; baseline -0.003 -8"><span class='ocrx_word' id='word_1_130' title='bbox 405 1473 666 1518; x_wconf 88' lang='grc' dir='ltr'><strong><em>θεόπαις</em></strong></span> <span class='ocrx_word' id='word_1_131' title='bbox 694 1493 738 1498; x_wconf 85' lang='lat'>—-</span> <span class='ocrx_word' id='word_1_132' title='bbox 763 1474 846 1510; x_wconf 85' lang='lat' dir='ltr'>Par.</span> <span class='ocrx_word' id='word_1_133' title='bbox 873 1473 972 1512; x_wconf 81' lang='lat' dir='ltr'>XIX.</span> <span class='ocrx_word' id='word_1_134' title='bbox 1000 1470 1121 1516; x_wconf 85' lang='lat'>138†.</span> 
     </span>
     <span class='ocr_line' id='line_1_19' title="bbox 403 1541 1681 1589; baseline -0.002 -9"><span class='ocrx_word' id='word_1_135' title='bbox 403 1542 746 1589; x_wconf 80' lang='grc' dir='ltr'><strong><em>θεοπειθής</em></strong></span> <span class='ocrx_word' id='word_1_136' title='bbox 770 1563 817 1568; x_wconf 83' lang='lat'>—</span> <span class='ocrx_word' id='word_1_137' title='bbox 842 1544 926 1580; x_wconf 82' lang='lat' dir='ltr'>Par.</span> <span class='ocrx_word' id='word_1_138' title='bbox 953 1544 1010 1587; x_wconf 89' lang='lat'>111,</span> <span class='ocrx_word' id='word_1_139' title='bbox 1038 1544 1122 1586; x_wconf 78' lang='lat'>1163</span> <span class='ocrx_word' id='word_1_140' title='bbox 1149 1543 1194 1587; x_wconf 90' lang='lat' dir='ltr'>V,</span> <span class='ocrx_word' id='word_1_141' title='bbox 1219 1543 1281 1586; x_wconf 82' lang='lat'>40;</span> <span class='ocrx_word' id='word_1_142' title='bbox 1311 1542 1396 1586; x_wconf 85' lang='lat'>176;</span> <span class='ocrx_word' id='word_1_143' title='bbox 1422 1542 1495 1578; x_wconf 76' lang='lat' dir='ltr'>cet.</span> <span class='ocrx_word' id='word_1_144' title='bbox 1522 1541 1681 1586; x_wconf 85' lang='lat' dir='ltr'>septies.</span> 
     </span>
     <span class='ocr_line' id='line_1_20' title="bbox 404 1612 1642 1659; baseline -0.003 -8"><span class='ocrx_word' id='word_1_145' title='bbox 404 1614 828 1659; x_wconf 72' lang='grc' dir='ltr'><strong><em>θεόπνευστος</em></strong></span> <span class='ocrx_word' id='word_1_146' title='bbox 851 1633 899 1639; x_wconf 83' lang='grc'>-</span> <span class='ocrx_word' id='word_1_147' title='bbox 924 1614 1008 1651; x_wconf 84' lang='lat' dir='ltr'>Par.</span> <span class='ocrx_word' id='word_1_148' title='bbox 1035 1614 1059 1658; x_wconf 90' lang='lat' dir='ltr'>I,</span> <span class='ocrx_word' id='word_1_149' title='bbox 1084 1615 1150 1658; x_wconf 87' lang='lat'>99;</span> <span class='ocrx_word' id='word_1_150' title='bbox 1177 1613 1218 1657; x_wconf 94' lang='lat' dir='ltr'>II,</span> <span class='ocrx_word' id='word_1_151' title='bbox 1243 1613 1307 1657; x_wconf 88' lang='grc'>89;</span> <span class='ocrx_word' id='word_1_152' title='bbox 1334 1613 1395 1656; x_wconf 91' lang='lat' dir='ltr'>IV,</span> <span class='ocrx_word' id='word_1_153' title='bbox 1420 1614 1462 1655; x_wconf 79' lang='lat'>23</span> <span class='ocrx_word' id='word_1_154' title='bbox 1489 1612 1534 1655; x_wconf 94' lang='lat' dir='ltr'>X,</span> <span class='ocrx_word' id='word_1_155' title='bbox 1564 1612 1642 1648; x_wconf 86' lang='lat'>136.</span> 
     </span>
     <span class='ocr_line' id='line_1_21' title="bbox 403 1682 1690 1733; baseline -0.003 -11"><span class='ocrx_word' id='word_1_156' title='bbox 403 1684 754 1733; x_wconf 76' lang='grc' dir='ltr'><strong><em>θεοπρόπος</em></strong></span> <span class='ocrx_word' id='word_1_157' title='bbox 777 1704 824 1709; x_wconf 92' lang='grc'>-</span> <span class='ocrx_word' id='word_1_158' title='bbox 850 1685 934 1722; x_wconf 87' lang='lat' dir='ltr'>Par.</span> <span class='ocrx_word' id='word_1_159' title='bbox 961 1685 1021 1729; x_wconf 93' lang='lat' dir='ltr'>IV,</span> <span class='ocrx_word' id='word_1_160' title='bbox 1050 1685 1136 1728; x_wconf 87' lang='lat'>139;</span> <span class='ocrx_word' id='word_1_161' title='bbox 1162 1684 1224 1728; x_wconf 89' lang='lat' dir='ltr'>XI,</span> <span class='ocrx_word' id='word_1_162' title='bbox 1248 1685 1336 1727; x_wconf 88' lang='lat'>207;</span> <span class='ocrx_word' id='word_1_163' title='bbox 1363 1683 1413 1720; x_wconf 86' lang='lat' dir='ltr'>cf.</span> <span class='ocrx_word' id='word_1_164' title='bbox 1439 1683 1479 1719; x_wconf 91' lang='lat'>11.</span> <span class='ocrx_word' id='word_1_165' title='bbox 1506 1682 1583 1726; x_wconf 90' lang='lat' dir='ltr'>XII,</span> <span class='ocrx_word' id='word_1_166' title='bbox 1609 1683 1690 1719; x_wconf 88' lang='lat'><strong>228.</strong></span> 
     </span>
     <span class='ocr_line' id='line_1_22' title="bbox 405 1753 1147 1804; baseline 0 -12"><span class='ocrx_word' id='word_1_167' title='bbox 405 1755 746 1804; x_wconf 80' lang='grc' dir='ltr'><strong><em>θεόρρητος</em></strong></span> <span class='ocrx_word' id='word_1_168' title='bbox 770 1776 818 1781; x_wconf 86' lang='grc'>-</span> <span class='ocrx_word' id='word_1_169' title='bbox 843 1756 927 1793; x_wconf 86' lang='lat' dir='ltr'>Par.</span> <span class='ocrx_word' id='word_1_170' title='bbox 953 1756 998 1800; x_wconf 91' lang='lat' dir='ltr'>V,</span> <span class='ocrx_word' id='word_1_171' title='bbox 1027 1753 1147 1800; x_wconf 89' lang='lat'>154†.</span> 
     </span>
     <span class='ocr_line' id='line_1_23' title="bbox 404 1821 2045 1875; baseline -0.004 -11"><span class='ocrx_word' id='word_1_172' title='bbox 404 1827 748 1875; x_wconf 79' lang='grc' dir='ltr'><strong><em>θεόρρυτος</em></strong></span> <span class='ocrx_word' id='word_1_173' title='bbox 772 1846 817 1853; x_wconf 92' lang='grc'>-</span> <span class='ocrx_word' id='word_1_174' title='bbox 843 1827 928 1864; x_wconf 85' lang='lat' dir='ltr'>Par.</span> <span class='ocrx_word' id='word_1_175' title='bbox 954 1827 1047 1871; x_wconf 89' lang='lat' dir='ltr'>VIII,</span> <span class='ocrx_word' id='word_1_176' title='bbox 1075 1828 1119 1863; x_wconf 93' lang='lat'>10</span> <span class='ocrx_word' id='word_1_177' title='bbox 1133 1823 1178 1870; x_wconf 84' lang='lat'>†;</span> <span class='ocrx_word' id='word_1_178' title='bbox 1205 1825 1255 1862; x_wconf 78' lang='lat' dir='ltr'>cf.</span> <span class='ocrx_word' id='word_1_179' title='bbox 1281 1824 1531 1869; x_wconf 85' lang='lat' dir='ltr'>Germanum,</span> <span class='ocrx_word' id='word_1_180' title='bbox 1555 1824 1608 1861; x_wconf 88' lang='grc' dir='ltr'>Μ.</span> <span class='ocrx_word' id='word_1_181' title='bbox 1634 1823 1675 1860; x_wconf 84' lang='grc' dir='ltr'>Ρ.</span> <span class='ocrx_word' id='word_1_182' title='bbox 1702 1821 1748 1860; x_wconf 85' lang='lat' dir='ltr'>G.</span> <span class='ocrx_word' id='word_1_183' title='bbox 1775 1821 1939 1866; x_wconf 90' lang='lat' dir='ltr'>XCVIII,</span> <span class='ocrx_word' id='word_1_184' title='bbox 1963 1822 2045 1858; x_wconf 91' lang='grc'><strong>291.</strong></span> 
     </span>
     <span class='ocr_line' id='line_1_24' title="bbox 403 1894 1807 1943; baseline -0.003 -9"><span class='ocrx_word' id='word_1_185' title='bbox 403 1897 748 1943; x_wconf 81' lang='grc' dir='ltr'><strong><em>θεόσσυτος</em></strong></span> <span class='ocrx_word' id='word_1_186' title='bbox 772 1918 820 1922; x_wconf 90' lang='grc'><strong>-</strong></span> <span class='ocrx_word' id='word_1_187' title='bbox 844 1898 928 1935; x_wconf 85' lang='lat' dir='ltr'>Par.</span> <span class='ocrx_word' id='word_1_188' title='bbox 956 1898 980 1941; x_wconf 93' lang='lat' dir='ltr'>I,</span> <span class='ocrx_word' id='word_1_189' title='bbox 1005 1898 1070 1938; x_wconf 86' lang='lat'>83;</span> <span class='ocrx_word' id='word_1_190' title='bbox 1096 1897 1158 1940; x_wconf 92' lang='lat' dir='ltr'>VI,</span> <span class='ocrx_word' id='word_1_191' title='bbox 1186 1897 1271 1940; x_wconf 86' lang='lat'>125;</span> <span class='ocrx_word' id='word_1_192' title='bbox 1298 1896 1391 1939; x_wconf 94' lang='lat' dir='ltr'>VIII,</span> <span class='ocrx_word' id='word_1_193' title='bbox 1417 1896 1482 1940; x_wconf 69' lang='lat'>365</span> <span class='ocrx_word' id='word_1_194' title='bbox 1511 1895 1596 1939; x_wconf 86' lang='lat'>169;</span> <span class='ocrx_word' id='word_1_195' title='bbox 1623 1895 1701 1938; x_wconf 93' lang='lat' dir='ltr'>XII,</span> <span class='ocrx_word' id='word_1_196' title='bbox 1730 1894 1807 1931; x_wconf 76' lang='lat'>184.</span> 
     </span>
     <span class='ocr_line' id='line_1_25' title="bbox 407 1965 1205 2016; baseline -0.001 -11"><span class='ocrx_word' id='word_1_197' title='bbox 407 1968 785 2016; x_wconf 79' lang='grc' dir='ltr'><strong><em>θεόστοργος</em></strong></span> <span class='ocrx_word' id='word_1_198' title='bbox 810 1988 856 1993; x_wconf 88' lang='grc'>-</span> <span class='ocrx_word' id='word_1_199' title='bbox 882 1969 966 2006; x_wconf 85' lang='lat' dir='ltr'>Par.</span> <span class='ocrx_word' id='word_1_200' title='bbox 992 1968 1054 2012; x_wconf 92' lang='lat' dir='ltr'>IV,</span> <span class='ocrx_word' id='word_1_201' title='bbox 1079 1965 1205 2012; x_wconf 87' lang='lat'><strong>202†.</strong></span> 
     </span>
     <span class='ocr_line' id='line_1_26' title="bbox 405 2036 1396 2085; baseline -0.002 -10"><span class='ocrx_word' id='word_1_202' title='bbox 405 2036 748 2085; x_wconf 73' lang='grc' dir='ltr'><strong><em>θεοστυγὴς</em></strong></span> <span class='ocrx_word' id='word_1_203' title='bbox 771 2059 819 2064; x_wconf 93' lang='grc'>-</span> <span class='ocrx_word' id='word_1_204' title='bbox 844 2040 927 2076; x_wconf 82' lang='lat' dir='ltr'>Par.</span> <span class='ocrx_word' id='word_1_205' title='bbox 954 2039 1047 2082; x_wconf 92' lang='lat' dir='ltr'>VIII,</span> <span class='ocrx_word' id='word_1_206' title='bbox 1077 2039 1162 2082; x_wconf 90' lang='grc'><strong>111;</strong></span> <span class='ocrx_word' id='word_1_207' title='bbox 1190 2038 1289 2081; x_wconf 92' lang='lat' dir='ltr'>XXI,</span> <span class='ocrx_word' id='word_1_208' title='bbox 1317 2038 1396 2074; x_wconf 89' lang='lat'><strong>125.</strong></span> 
     </span>
     <span class='ocr_line' id='line_1_27' title="bbox 406 2108 1533 2158; baseline -0.002 -12"><span class='ocrx_word' id='word_1_209' title='bbox 406 2108 745 2158; x_wconf 77' lang='grc' dir='ltr'><strong><em>θεοτερπὴς</em></strong></span> <span class='ocrx_word' id='word_1_210' title='bbox 769 2130 817 2135; x_wconf 87' lang='grc'><strong>-</strong></span> <span class='ocrx_word' id='word_1_211' title='bbox 842 2110 926 2147; x_wconf 84' lang='lat' dir='ltr'>Par.</span> <span class='ocrx_word' id='word_1_212' title='bbox 952 2110 1013 2153; x_wconf 90' lang='lat' dir='ltr'>VI,</span> <span class='ocrx_word' id='word_1_213' title='bbox 1042 2110 1127 2153; x_wconf 88' lang='grc'><strong>120;</strong></span> <span class='ocrx_word' id='word_1_214' title='bbox 1155 2109 1248 2152; x_wconf 93' lang='lat' dir='ltr'>VIII,</span> <span class='ocrx_word' id='word_1_215' title='bbox 1273 2109 1339 2152; x_wconf 88' lang='lat'>80;</span> <span class='ocrx_word' id='word_1_216' title='bbox 1367 2108 1449 2152; x_wconf 92' lang='lat' dir='ltr'>XV,</span> <span class='ocrx_word' id='word_1_217' title='bbox 1478 2109 1533 2144; x_wconf 87' lang='lat'>18.</span> 
     </span>
     <span class='ocr_line' id='line_1_28' title="bbox 405 2177 1854 2229; baseline -0.003 -12"><span class='ocrx_word' id='word_1_218' title='bbox 405 2178 760 2229; x_wconf 79' lang='grc' dir='ltr'><strong><em>θεοφραδὴς</em></strong></span> <span class='ocrx_word' id='word_1_219' title='bbox 783 2200 832 2206; x_wconf 92' lang='lat'><em>-</em></span> <span class='ocrx_word' id='word_1_220' title='bbox 857 2181 941 2218; x_wconf 85' lang='lat' dir='ltr'>Par.</span> <span class='ocrx_word' id='word_1_221' title='bbox 967 2181 1022 2225; x_wconf 92' lang='lat' dir='ltr'>III,</span> <span class='ocrx_word' id='word_1_222' title='bbox 1047 2181 1090 2224; x_wconf 87' lang='lat'>9;</span> <span class='ocrx_word' id='word_1_223' title='bbox 1115 2181 1180 2224; x_wconf 87' lang='lat'>38;</span> <span class='ocrx_word' id='word_1_224' title='bbox 1208 2180 1301 2224; x_wconf 89' lang='lat' dir='ltr'>VIII,</span> <span class='ocrx_word' id='word_1_225' title='bbox 1330 2181 1414 2224; x_wconf 85' lang='lat'>154;</span> <span class='ocrx_word' id='word_1_226' title='bbox 1442 2179 1520 2223; x_wconf 90' lang='lat' dir='ltr'>XII,</span> <span class='ocrx_word' id='word_1_227' title='bbox 1550 2179 1635 2222; x_wconf 85' lang='lat'>177;</span> <span class='ocrx_word' id='word_1_228' title='bbox 1663 2177 1746 2221; x_wconf 85' lang='lat' dir='ltr'>XX,</span> <span class='ocrx_word' id='word_1_229' title='bbox 1774 2177 1854 2214; x_wconf 87' lang='lat'>113.</span> 
     </span>
     <span class='ocr_line' id='line_1_29' title="bbox 342 2249 1795 2311; baseline -0.005 -12"><span class='ocrx_word' id='word_1_230' title='bbox 342 2256 539 2311; x_wconf 87' lang='lat' dir='ltr'>Joannes</span> <span class='ocrx_word' id='word_1_231' title='bbox 571 2255 740 2297; x_wconf 88' lang='lat' dir='ltr'>nullum</span> <span class='ocrx_word' id='word_1_232' title='bbox 773 2254 929 2296; x_wconf 90' lang='lat' dir='ltr'>horum</span> <span class='ocrx_word' id='word_1_233' title='bbox 962 2252 1283 2295; x_wconf 89' lang='lat' dir='ltr'>vocabulorum</span> <span class='ocrx_word' id='word_1_234' title='bbox 1317 2251 1514 2303; x_wconf 83' lang='lat' dir='ltr'>adhibet,</span> <span class='ocrx_word' id='word_1_235' title='bbox 1546 2250 1627 2293; x_wconf 94' lang='lat' dir='ltr'>sed</span> <span class='ocrx_word' id='word_1_236' title='bbox 1661 2249 1795 2292; x_wconf 89' lang='lat' dir='ltr'>utitur</span> 
     </span>
     <span class='ocr_line' id='line_1_30' title="bbox 406 2332 1030 2383; baseline -0.002 -12"><span class='ocrx_word' id='word_1_237' title='bbox 406 2333 679 2381; x_wconf 75' lang='grc' dir='ltr'><strong><em>θεοσεβὴς</em></strong></span> <span class='ocrx_word' id='word_1_238' title='bbox 703 2354 751 2359; x_wconf 83' lang='grc'>-</span> <span class='ocrx_word' id='word_1_239' title='bbox 771 2336 830 2383; x_wconf 88' lang='lat' dir='ltr'>Jo.</span> <span class='ocrx_word' id='word_1_240' title='bbox 852 2335 913 2379; x_wconf 92' lang='lat' dir='ltr'>IX,</span> <span class='ocrx_word' id='word_1_241' title='bbox 930 2336 971 2371; x_wconf 87' lang='lat'>31</span> <span class='ocrx_word' id='word_1_242' title='bbox 990 2332 1030 2378; x_wconf 89' lang='lat'>†.</span> 
     </span>
     <span class='ocr_line' id='line_1_31' title="bbox 348 2406 1449 2452; baseline -0.004 0"><span class='ocrx_word' id='word_1_243' title='bbox 348 2410 393 2452; x_wconf 90' lang='lat' dir='ltr'>In</span> <span class='ocrx_word' id='word_1_244' title='bbox 428 2410 587 2452; x_wconf 92' lang='lat' dir='ltr'>ceteris</span> <span class='ocrx_word' id='word_1_245' title='bbox 619 2408 733 2451; x_wconf 91' lang='lat' dir='ltr'>Novi</span> <span class='ocrx_word' id='word_1_246' title='bbox 766 2407 1042 2450; x_wconf 86' lang='lat' dir='ltr'><strong>Testamenti</strong></span> <span class='ocrx_word' id='word_1_247' title='bbox 1077 2406 1203 2448; x_wconf 93' lang='lat' dir='ltr'>libris</span> <span class='ocrx_word' id='word_1_248' title='bbox 1236 2406 1449 2449; x_wconf 83' lang='lat' dir='ltr'>occurrit:</span> 
     </span>
     <span class='ocr_line' id='line_1_32' title="bbox 407 2478 1290 2527; baseline -0.002 -8"><span class='ocrx_word' id='word_1_249' title='bbox 407 2482 827 2527; x_wconf 78' lang='grc' dir='ltr'><strong><em>θεόπνευστος</em></strong></span> <span class='ocrx_word' id='word_1_250' title='bbox 850 2478 1290 2525; x_wconf 85' lang='lat' dir='ltr'>-11Tim.111,16†.</span> 
     </span>
     <span class='ocr_line' id='line_1_33' title="bbox 407 2549 1129 2598; baseline -0.001 -9"><span class='ocrx_word' id='word_1_251' title='bbox 407 2550 747 2598; x_wconf 75' lang='grc' dir='ltr'><strong><em>θεοστυγὴς</em></strong></span> <span class='ocrx_word' id='word_1_252' title='bbox 771 2572 818 2577; x_wconf 89' lang='grc'>-</span> <span class='ocrx_word' id='word_1_253' title='bbox 843 2553 952 2592; x_wconf 82' lang='lat' dir='ltr'>Rom.</span> <span class='ocrx_word' id='word_1_254' title='bbox 978 2552 1002 2596; x_wconf 93' lang='lat'>1,</span> <span class='ocrx_word' id='word_1_255' title='bbox 1028 2549 1129 2596; x_wconf 85' lang='lat'>30†.</span> 
     </span>
     <span class='ocr_line' id='line_1_34' title="bbox 412 2623 1244 2670; baseline -0.001 -10"><span class='ocrx_word' id='word_1_256' title='bbox 412 2624 715 2670; x_wconf 82' lang='grc' dir='ltr'><strong><em>Θεόφιλος</em></strong></span> <span class='ocrx_word' id='word_1_257' title='bbox 739 2644 787 2649; x_wconf 91' lang='grc'>-</span> <span class='ocrx_word' id='word_1_258' title='bbox 812 2626 903 2661; x_wconf 89' lang='lat' dir='ltr'>Luc.</span> <span class='ocrx_word' id='word_1_259' title='bbox 929 2624 953 2668; x_wconf 94' lang='lat' dir='ltr'>l,</span> <span class='ocrx_word' id='word_1_260' title='bbox 979 2625 1021 2668; x_wconf 87' lang='lat'>3;</span> <span class='ocrx_word' id='word_1_261' title='bbox 1048 2623 1185 2667; x_wconf 84' lang='lat' dir='ltr'>Act.1,</span> <span class='ocrx_word' id='word_1_262' title='bbox 1213 2624 1244 2659; x_wconf 86' lang='lat'>1.</span> 
     </span>
     <span class='ocr_line' id='line_1_35' title="bbox 409 2691 1100 2740; baseline -0.001 -9"><span class='ocrx_word' id='word_1_263' title='bbox 409 2693 722 2740; x_wconf 85' lang='grc' dir='ltr'><strong><em>θεομάχος</em></strong></span> <span class='ocrx_word' id='word_1_264' title='bbox 746 2714 794 2719; x_wconf 87' lang='lat'>—</span> <span class='ocrx_word' id='word_1_265' title='bbox 819 2695 904 2731; x_wconf 82' lang='lat' dir='ltr'>Aet.</span> <span class='ocrx_word' id='word_1_266' title='bbox 930 2694 975 2738; x_wconf 89' lang='lat' dir='ltr'>V,</span> <span class='ocrx_word' id='word_1_267' title='bbox 1000 2691 1100 2737; x_wconf 84' lang='lat'><strong>39†.</strong></span> 
     </span>
    </p>
   </div>
   <div class='ocr_carea' id='block_1_3' title="bbox 138 2802 2045 3142">
    <p class='ocr_par' dir='ltr' id='par_1_3' title="bbox 138 2802 2045 3142">
     <span class='ocr_line' id='line_1_36' title="bbox 138 2802 2043 2864; baseline -0.005 -10"><span class='ocrx_word' id='word_1_268' title='bbox 138 2811 192 2855; x_wconf 92' lang='lat' dir='ltr'>N.</span> <span class='ocrx_word' id='word_1_269' title='bbox 218 2811 289 2854; x_wconf 88' lang='lat'>71.</span> <span class='ocrx_word' id='word_1_270' title='bbox 410 2808 694 2864; x_wconf 85' lang='lat' dir='ltr'>Quamquam</span> <span class='ocrx_word' id='word_1_271' title='bbox 736 2808 1046 2863; x_wconf 89' lang='lat' dir='ltr'>quaestionem</span> <span class='ocrx_word' id='word_1_272' title='bbox 1092 2806 1146 2848; x_wconf 93' lang='lat' dir='ltr'>de</span> <span class='ocrx_word' id='word_1_273' title='bbox 1189 2807 1343 2856; x_wconf 91' lang='lat' dir='ltr'>aetate,</span> <span class='ocrx_word' id='word_1_274' title='bbox 1389 2817 1478 2860; x_wconf 89' lang='lat' dir='ltr'>qua</span> <span class='ocrx_word' id='word_1_275' title='bbox 1513 2804 1702 2847; x_wconf 90' lang='lat' dir='ltr'>Nonnus</span> <span class='ocrx_word' id='word_1_276' title='bbox 1734 2802 2043 2857; x_wconf 87' lang='lat' dir='ltr'>Paraphrasim</span> 
     </span>
     <span class='ocr_line' id='line_1_37' title="bbox 353 2872 2044 2935; baseline -0.005 -12"><span class='ocrx_word' id='word_1_277' title='bbox 353 2881 594 2935; x_wconf 88' lang='lat' dir='ltr'>scripserit,</span> <span class='ocrx_word' id='word_1_278' title='bbox 628 2880 865 2921; x_wconf 86' lang='lat' dir='ltr'>decernere</span> <span class='ocrx_word' id='word_1_279' title='bbox 899 2881 941 2920; x_wconf 92' lang='lat' dir='ltr'>et</span> <span class='ocrx_word' id='word_1_280' title='bbox 973 2878 1218 2932; x_wconf 84' lang='lat' dir='ltr'>diJ&#39;udicare</span> <span class='ocrx_word' id='word_1_281' title='bbox 1242 2876 1552 2919; x_wconf 82' lang='lat' dir='ltr'>difficillimum</span> <span class='ocrx_word' id='word_1_282' title='bbox 1578 2877 1644 2918; x_wconf 90' lang='lat' dir='ltr'>est</span> <span class='ocrx_word' id='word_1_283' title='bbox 1667 2886 1811 2929; x_wconf 86' lang='lat' dir='ltr'>neque</span> <span class='ocrx_word' id='word_1_284' title='bbox 1835 2872 2044 2927; x_wconf 88' lang='lat' dir='ltr'>equidem</span> 
     </span>
     <span class='ocr_line' id='line_1_38' title="bbox 354 2942 2044 3006; baseline -0.005 -13"><span class='ocrx_word' id='word_1_285' title='bbox 354 2952 398 2993; x_wconf 91' lang='lat' dir='ltr'>in</span> <span class='ocrx_word' id='word_1_286' title='bbox 433 2963 483 2993; x_wconf 89' lang='lat' dir='ltr'>ea</span> <span class='ocrx_word' id='word_1_287' title='bbox 515 2950 803 3006; x_wconf 88' lang='lat' dir='ltr'>dijudicanda</span> <span class='ocrx_word' id='word_1_288' title='bbox 835 2949 982 2991; x_wconf 89' lang='lat' dir='ltr'>studia</span> <span class='ocrx_word' id='word_1_289' title='bbox 1015 2948 1161 3003; x_wconf 87' lang='lat' dir='ltr'>posui,</span> <span class='ocrx_word' id='word_1_290' title='bbox 1182 2948 1290 2990; x_wconf 92' lang='lat' dir='ltr'>haec</span> <span class='ocrx_word' id='word_1_291' title='bbox 1314 2949 1460 2990; x_wconf 87' lang='lat' dir='ltr'>tamen</span> <span class='ocrx_word' id='word_1_292' title='bbox 1483 2946 1707 2997; x_wconf 86' lang='lat' dir='ltr'>annotavi,</span> <span class='ocrx_word' id='word_1_293' title='bbox 1730 2956 1845 2999; x_wconf 88' lang='lat' dir='ltr'>quae</span> <span class='ocrx_word' id='word_1_294' title='bbox 1868 2942 1924 2985; x_wconf 90' lang='lat' dir='ltr'>ad</span> <span class='ocrx_word' id='word_1_295' title='bbox 1948 2954 2044 2985; x_wconf 89' lang='lat' dir='ltr'>eam</span> 
     </span>
     <span class='ocr_line' id='line_1_39' title="bbox 354 3010 2045 3071; baseline -0.005 -7"><span class='ocrx_word' id='word_1_296' title='bbox 354 3020 659 3064; x_wconf 83' lang='lat' dir='ltr'>illustrandam</span> <span class='ocrx_word' id='word_1_297' title='bbox 703 3019 826 3062; x_wconf 88' lang='lat' dir='ltr'>utilia</span> <span class='ocrx_word' id='word_1_298' title='bbox 869 3030 967 3062; x_wconf 90' lang='lat' dir='ltr'>esse</span> <span class='ocrx_word' id='word_1_299' title='bbox 1007 3018 1128 3060; x_wconf 90' lang='lat' dir='ltr'>duxi.</span> <span class='ocrx_word' id='word_1_300' title='bbox 1175 3017 1364 3069; x_wconf 85' lang='lat' dir='ltr'>„Auctor</span> <span class='ocrx_word' id='word_1_301' title='bbox 1397 3017 1589 3071; x_wconf 89' lang='lat' dir='ltr'>ingentis</span> <span class='ocrx_word' id='word_1_302' title='bbox 1623 3010 1888 3070; x_wconf 77' lang='lat' dir='ltr'>poematis”,</span> <span class='ocrx_word' id='word_1_303' title='bbox 1922 3013 2045 3067; x_wconf 91' lang='lat' dir='ltr'>quod</span> 
     </span>
     <span class='ocr_line' id='line_1_40' title="bbox 355 3084 2045 3142; baseline -0.005 -8"><span class='ocrx_word' id='word_1_304' title='bbox 355 3092 610 3135; x_wconf 86' lang='lat' dir='ltr'>inscribitur</span> <span class='ocrx_word' id='word_1_305' title='bbox 640 3097 922 3139; x_wconf 78' lang='grc' dir='ltr'><strong><em>Διονυσιακά,</em></strong></span> <span class='ocrx_word' id='word_1_306' title='bbox 952 3091 1047 3140; x_wconf 90' lang='lat' dir='ltr'>„est</span> <span class='ocrx_word' id='word_1_307' title='bbox 1079 3088 1267 3131; x_wconf 90' lang='lat' dir='ltr'>Nonnus</span> <span class='ocrx_word' id='word_1_308' title='bbox 1300 3086 1675 3142; x_wconf 86' lang='lat' dir='ltr'>Panopolitanus:</span> <span class='ocrx_word' id='word_1_309' title='bbox 1709 3086 1754 3128; x_wconf 96' lang='lat' dir='ltr'>id</span> <span class='ocrx_word' id='word_1_310' title='bbox 1782 3084 1904 3139; x_wconf 88' lang='lat' dir='ltr'>quod</span> <span class='ocrx_word' id='word_1_311' title='bbox 1928 3095 2045 3126; x_wconf 88' lang='lat' dir='ltr'>nunc</span> 
     </span>
    </p>
   </div>
  </div>
 </body>
</html>
