2180 3606
1180 158 1263 202 100

369 289 497 331 ditur.
531 289 669 332 Versu
702 291 848 331 autem
878 288 957 330 115
991 289 1172 331 verbum
1206 298 1641 343 πεφυλαγμένον
1674 289 1841 343 optime
1878 289 2065 343 quadrat

369 371 468 402 cum
503 360 662 402 ceteris
695 359 943 409 vocabulis,
978 359 1184 412 quamvis
1216 365 1529 415 πεφορημένον
1562 371 1650 401 non
1684 359 1931 402 abhorreat.

428 428 600 472 Deinde
635 442 674 471 v.
708 427 788 470 112
821 429 1005 471 verbum
1037 437 1428 485 πεφορημένον
1453 459 1499 463 -
1534 430 1578 472 ut
1612 430 1809 471 omittam
1853 430 2063 485 maiorem

368 511 523 542 versus
559 502 726 554 partem
761 499 1032 541 simillimam
1069 511 1168 542 esse
1202 502 1348 543 versui

367 581 617 625 Par.vl,229:
636 578 920 626 χρυσομανὴς
938 580 1137 625 δολίης
1163 579 1554 627 πεφορημένον
1577 578 1655 624 εἰς
1673 580 1831 615 λίνον
1849 577 2066 627 ἄγρης-

369 648 534 701 optime
577 647 780 701 congruit
822 659 921 689 cum
965 647 1136 690 verbis:
1181 656 1267 702 εἰς
1304 657 1480 692 λίνον
1518 654 1710 703 ἄγρης,
1754 647 1923 702 quippe
1965 659 2064 690 cum

369 716 572 761 Christus
605 717 765 760 ductus
799 718 855 760 sit
889 718 931 759 in
965 722 1068 760 rete.
1104 715 1334 773 Significat
1365 721 1511 761 autern
1541 719 1726 760 verbum
1759 729 2066 774 φορεῖσθαι

367 789 550 843 saepius
571 788 743 839 ,‚duci,
768 788 934 842 rapi’',
954 789 1131 843 utapud
1147 787 1438 843 Sophoclem:
1464 796 1586 842 κόνις
1612 792 1753 833 δ’ἅνω
1780 796 2066 844 φορεῑτω).

368 857 683 910 Quamobrem,
717 859 888 901 etiamsi
923 860 1008 901 hoc
1042 860 1225 902 verbum
1261 860 1304 902 in
1340 858 1603 914 Paraphrasi
1640 859 1934 914 coniungatur
1966 871 2066 902 curn

368 929 530 980 dativo,
575 931 620 972 ut
665 933 747 970 Par.
776 934 831 978 111,
858 935 927 970 43:
1488 932 1662 978 βόμβον
1688 930 1877 978 ἀκούεις,

854 1000 922 1035 44:
961 993 1180 1034 οὔασιν
1218 994 1547 1045 ὑμετέροις
1583 996 1987 1045 πεφορημένον,
2027 991 2069 1031 et

368 1064 463 1107 Par.
486 1064 592 1115 XlV‚
611 1065 681 1116 96,
702 1065 787 1107 hoc
806 1066 957 1107 dativo
975 1068 1121 1108 tamen
1142 1066 1362 1108 indicatur
1381 1066 1523 1117 locus,
1543 1066 1586 1107 in
1607 1077 1738 1119 quem
1759 1066 1862 1119 quis
1880 1065 2066 1108 ducitur.

427 1134 493 1178 De
538 1148 668 1179 versu
702 1135 799 1178 ’113
844 1136 958 1179 duae
1002 1138 1293 1191 quaestiones
1335 1139 1660 1192 proponuntur,
1704 1149 1890 1190 quarum
1933 1137 2069 1180 altera

370 1207 593 1261 quaeritur
618 1206 672 1249 de
695 1207 918 1250 vocabulo
942 1213 1317 1263 οπισθοτονῳ,
1341 1208 1477 1250 altera
1500 1208 1556 1250 de
1580 1208 1832 1263 coniunctis
1855 1208 2066 1251 vocibus:

367 1286 683 1332 πεπεδηότα
721 1287 907 1332 δι’ζυγι
946 1289 1148 1334 δεσμῷ.
1192 1278 1288 1321 VOX
1330 1285 1690 1334 ὀπισθοτόνῳ
1733 1279 1868 1333 vulgo
1911 1278 2070 1334 legitur

370 1361 515 1403 neque
548 1361 573 1392 a
605 1350 700 1391 viro
734 1350 869 1392 docto
901 1349 1047 1404 Rigler
1080 1352 1270 1393 mutatur
1294 1351 1336 1392 in
1370 1356 1843 1404 ὀπισθοτόνους,
1878 1350 1921 1391 in
1946 1350 2068 1404 quod

370 1421 601 1475 corrigitur
643 1432 668 1462 a
699 1419 885 1472 Tiedke‚
920 1418 1196 1464 Scheindler.
1231 1419 1446 1464 Concedo
1481 1421 1689 1475 equidem
1724 1432 1881 1463 vocem
1914 1427 2072 1465 ὀπισ-

369 1498 625 1545 θότονος,
666 1491 789 1545 quod
824 1492 867 1533 in
902 1490 1163 1546 Paraphrasi
1198 1492 1484 1534 solummodo
1517 1492 1618 1534 loco
1652 1492 1833 1534 laudato
1867 1492 2070 1543 occurrit,

370 1562 413 1604 in
449 1561 736 1616 Dionysiacis
769 1561 855 1616 legi
892 1562 947 1604 de
983 1561 1178 1617 pedibus
1215 1563 1478 1605 manibusve
1514 1563 1695 1613 dictum,
1729 1564 1775 1605 ut

417 1636 530 1673 Dion.
558 1637 603 1680 X,
633 1638 721 1673 152:
764 1636 965 1671 ποσσὶν
1003 1633 1439 1672 ὀπισθοτόνοισι
1473 1634 1691 1683 ῥυηφενὲς
1725 1632 1901 1681 ἔσχισεν
1931 1633 2070 1682 ὕδωρ,

371 1704 397 1745 i.
426 1714 463 1745 e.
508 1705 626 1757 satyr
669 1705 826 1746 natans
860 1702 1001 1757 pedes
1034 1705 1138 1758 post
1169 1715 1217 1747 se
1251 1706 1364 1746 retro
1398 1704 1665 1747 extendebat
1699 1704 1984 1758 pedibusque
2013 1704 2071 1746 ita

371 1776 483 1817 retro
526 1774 722 1816 extensis
766 1774 1011 1828 repellebat
1053 1786 1195 1828 aquae
1239 1786 1445 1830 magnam
1489 1775 1680 1830 copiam.
1714 1773 1854 1817 Arcus
1887 1786 2070 1829 quoque

371 1847 484 1888 retro
518 1847 665 1888 tentus
699 1844 860 1887 dicitur

417 1926 530 1963 Dion.
558 1926 634 1969 Vll,
664 1927 752 1963 195:
1221 1923 1978 1971 ὀπισθοτόνοιοδὲτόξου

663 1998 750 2033 196:
801 1992 1142 2040 ἑλκομένου
1168 1994 1343 2043 ῥοίζησε
1370 1995 1513 2042 σοφὸν
1539 1995 1670 2041 βέλος
1696 1992 1836 2032 Εὔιον
1861 1994 1968 2042 ἠχώ,
1997 1998 2020 2035 ἰ.
2038 2008 2071 2035 e.

371 2069 427 2111 ab
472 2080 576 2111 arcu
609 2070 744 2118 tento,
779 2069 929 2122 itaque
963 2070 1077 2111 retro
1110 2069 1238 2121 flexo,
1271 2069 1453 2111 fatidica
1485 2069 1645 2124 sagitta
1678 2070 1843 2112 emissa
1875 2070 2070 2113 sonitum

373 2139 641 2182 Bacchicum
676 2140 839 2182 sonuit.
873 2137 961 2182 Sed
995 2140 1105 2193 quid
1140 2142 1219 2191 est,
1254 2140 1377 2194 quod
1410 2139 1653 2191 vinculum,
1686 2152 1711 2182 a
1742 2142 1865 2195 tergo
1888 2143 2070 2192 tentum,

371 2216 789 2264 ὀπισθότονος
822 2210 908 2252 dici
944 2213 1150 2264 nequeat,
1185 2223 1274 2252 non
1297 2211 1445 2253 video.
1478 2210 1578 2253 Non
1602 2211 1747 2253 solum
1773 2212 1889 2253 enim
1913 2222 2071 2254 manus

371 2281 451 2323 sed
497 2281 628 2323 etiam
672 2281 851 2324 vincula
892 2293 917 2324 a
959 2283 1083 2335 tergo
1129 2283 1304 2324 extenta
1346 2284 1462 2332 sunt,
1497 2293 1596 2324 curn
1631 2293 1789 2324 manus
1822 2282 2014 2325 vinculis
2046 2294 2071 2325 a

372 2354 495 2407 tergo
514 2352 688 2394 vinctae
708 2352 808 2395 sint.
832 2350 921 2395 Sed
941 2352 1159 2406 imprimis
1178 2353 1620 2394 animadvertendum
1640 2354 1706 2395 est
1724 2352 1871 2395 locum
1891 2353 2070 2395 citatum

373 2434 461 2464 non
507 2423 777 2477 singularem
821 2434 934 2465 esse.
974 2422 1085 2465 Nam
1120 2420 1288 2465 Simon.
1321 2435 1392 2478 ap.
1426 2422 1538 2465 Plut.
1572 2423 1685 2465 Mor.
1719 2435 1761 2477 p.
1794 2424 1881 2466 456
1909 2421 1945 2467 C
1979 2424 2071 2467 lora

376 2494 582 2536 dicuntur
615 2501 796 2548 ἱμάντες
822 2500 1132 2538 ὀπισθόδετοι.

432 2564 701 2607 Verborum:
734 2572 1081 2619 πεπεδηότα
1120 2573 1323 2618 σι’ζυγι
1351 2573 1540 2620 (δεσμῷ)
1573 2564 1757 2606 alterum
1792 2566 1946 2607 mutari
1982 2577 2070 2608 non

375 2637 534 2690 potest,
578 2636 714 2678 altero
749 2636 992 2678 immutatO.
1024 2636 1172 2689 ltaque
1206 2636 1242 2677 si
1277 2636 1513 2677 retineatur
1547 2635 1677 2677 lectio
1710 2643 2070 2690 πεπεδηότα,

375 2706 630 2761 coniectura
663 2712 822 2760 ἄςυγι
854 2707 1023 2748 admitti
1060 2706 1226 2760 nequit.
1258 2704 1572 2755 Quaerendum
1607 2708 1673 2748 est
1701 2706 1832 2761 igitur
1859 2706 1915 2749 de
1932 2707 2070 2748 verbo

375 2784 700 2831 πεπεδηοτα,
746 2789 836 2831 quo
880 2778 1078 2819 correcto
1113 2777 1424 2831 corrigendum
1459 2780 1526 2819 est
1558 2786 1757 2831 διζυγι,
1792 2788 1883 2831 quo
1917 2778 2070 2820 relicto

376 2847 650 2901 relinquitur.
685 2846 817 2890 Solus
852 2848 995 2890 codex
1028 2847 1267 2890 Vaticanus
1301 2848 1480 2889 exhibet
1514 2848 1627 2889 hanc
1662 2848 1913 2899 lectionem,
1938 2849 2068 2890 ceteri

376 2929 533 2960 omnes
563 2919 728 2960 habent
759 2925 1119 2972 πεπεδηκοτα.
1152 2916 1240 2961 Sed
1275 2918 1383 2960 haec
1408 2918 1577 2960 admitti
1612 2920 1795 2960 omnino
1821 2930 1909 2960 non
1934 2930 2070 2973 posse

429 3056 455 3102 ¹)
483 3058 600 3103 Soph.
629 3059 683 3095 El.
709 3059 779 3094 714
792 3069 861 3103 sq..
