2180 3606
1185 203 1242 244 88

609 334 677 370 21:
728 329 940 377 ἀστερόεν
964 330 1144 374 μίμημα
1169 331 1243 364 καὶ
1270 327 1442 365 εἴκελον
1469 327 1560 374 ὀξέι
1585 327 1752 374 κόσμῳ·

611 406 678 440 22;
728 399 1012 446 μεσσοφανὴς
1035 397 1116 436 ὅθι
1142 397 1304 445 λύχνος
1331 396 1570 445 ὁμοζυγέος
1596 398 1673 434 διὰ
1699 397 1868 434 κόλπου

610 476 677 510 23;
728 469 808 516 ὀξὺ
834 470 948 516 φάος
973 469 1213 506 πολυωπὸν
1240 467 1325 506 ὑπὸ
1351 469 1510 515 σκέπας
1536 466 1694 505 ἔκτοθι
1719 466 1916 512 πέμπων,

611 545 680 580 24:
731 539 981 589 ἀκροφανὲς
1006 539 1207 586 σελάγιζε
1232 539 1502 585 πολυσχιδὲς
1528 537 1780 583 ἀλλόμενον
1807 542 1913 584 φῶς.

366 631 560 684 Excepta
602 639 712 670 voce
754 633 1019 681 τεύχεα“),
1063 638 1178 687 quae
1223 638 1343 669 arma
1384 627 1605 681 significat
1647 627 1689 667 et
1722 636 1801 679 pro
1835 625 2056 667 vocabulo

364 707 526 754 ‹37:2112)
569 698 817 749 adhibetur,
860 698 931 740 his
972 697 1177 740 versibus
1210 696 1398 740 Nonnus
1431 709 1566 739 unum
1601 696 1793 738 laternae
1826 707 1967 751 genus
2001 697 2058 737 ita

366 771 583 825 exprimit,
618 770 663 811 ut
695 780 785 811 rem
820 768 965 810 oeulis
996 779 1177 810 cernere
1210 767 1452 810 videamur.
1487 767 1630 810 Verba
1658 766 1856 822 Joannea
1882 773 2059 820 λαμπάς

365 844 407 884 et
438 848 578 895 φανός
595 848 639 894 ²³),
673 839 728 881 de
751 851 842 893 quo
866 837 1139 894 Hesychius:
1165 843 1411 893 „’Atuxol,''
1435 838 1591 892 inquit,
1621 843 1827 891 λύχνον
1853 843 2057 885 ἐκάλουν,

365 919 416 957 ὃν
445 917 570 966 ἡμεῖς
599 923 682 955 νῦν
709 917 906 964 φανόν”
925 918 969 963 ⁴),
1004 910 1182 951 utuntur
1214 910 1418 951 auctores
1452 909 1705 963 promiscue
1740 918 1819 962 pro
1853 907 2058 958 taedis,

364 982 610 1032 facibus,
646 981 919 1031 lucernis,
954 980 1200 1023 laternis
1233 976 1379 1034 cet.⁵).
1413 979 1581 1022 Multos
1614 981 1760 1021 autem
1789 979 1904 1021 circa
1928 990 2058 1020 unam

365 1066 454 1096 rem
487 1054 682 1095 ambitus
714 1064 851 1107 saepe
884 1052 988 1094 facit
1020 1051 1222 1102 Nonnus,
1257 1053 1302 1093 ut
1335 1050 1429 1093 Par.
1464 1050 1508 1102 11,
1542 1049 1730 1101 29—38‚
1756 1061 1846 1104 quo
1872 1050 2060 1091 circum-

365 1124 618 1166 scribuntur
658 1124 793 1165 verba
837 1122 1080 1178 evangelii:
1123 1129 1241 1177 λέγει
1279 1127 1432 1175 αὐτοῖς
1468 1127 1493 1166 ὁ
1526 1126 1704 1175 Ἰησοῦς·
1738 1129 1948 1175 γεμίσατε
1983 1127 2061 1173 τὰς

366 1200 523 1250 ὑδρίας
557 1200 736 1249 ὕδατος.
769 1204 844 1238 καὶ
870 1200 1080 1248 ἐγέμισαν
1108 1199 1244 1248 αὐτὰς
1270 1198 1353 1247 ἕως
1379 1199 1472 1238 ἄνω
1489 1200 1545 1247 ⁸);
1577 1191 1672 1234 Par.
1706 1191 1773 1243 IX,
1810 1191 1935 1242 1-9,
1970 1202 2060 1245 quo

366 1266 653 1320 explanatur:
703 1275 791 1310 Καὶ
828 1272 1039 1321 παράγων
1076 1264 1198 1309 εἶδεν
1237 1271 1482 1320 ἄνθρωπον
1520 1271 1695 1317 τυφλὸν
1733 1269 1781 1307 ἐκ
1810 1275 1985 1317 γενετῆς
2003 1270 2061 1316 ”);

367 1336 460 1379 Par.
495 1336 561 1388 XI,
600 1336 841 1386 loo—180,
876 1347 966 1390 quo
1001 1335 1262 1377 illustratur:
1294 1345 1370 1379 καὶ
1397 1340 1588 1389 ἐξῆλθεν
1614 1339 1638 1378 ὁ
1665 1340 1892 1388 τεθνηκώς
1915 1335 1996 1375 cet.
2013 1329 2060 1386 ⁸).

367 1406 560 1450 Primum
594 1409 754 1459 autem,
782 1418 1055 1461 quamquam
1089 1412 1432 1459 ὁμόστολος
1462 1412 1608 1461 ἀνὴρ
1641 1416 1824 1447 numero
1847 1403 2060 1458 singulari

366 1478 614 1528 adhibetur,
659 1477 810 1532 plures
852 1478 973 1520 viros
1007 1478 1197 1519 laternas
1230 1476 1340 1519 ferre
1375 1477 1593 1519 indicatur
1625 1477 1798 1518 verbis:
1835 1482 1970 1529 ἄλλος
1997 1479 2057 1519 ἐπ’

368 1545 490 1593 ἄλλῳ
524 1550 606 1591 i.e.
640 1550 755 1592 alius
789 1551 892 1603 post
923 1548 1073 1591 alium.
1107 1546 1180 1591 Sic
1214 1549 1428 1602 scriptum
1462 1548 1620 1603 legitur

414 1625 497 1661 Par.
524 1625 622 1668 XIX,
651 1626 715 1660 14:
925 1623 929 1627 “
1089 1623 1164 1657 καὶ
1189 1619 1285 1667 ἤιεν
1319 1619 1502 1667 ἄλλος
1536 1618 1611 1657 ἐπ’
1650 1619 1874 1667 dugun-

368 1691 597 1734 Praeterea
639 1690 955 1746 conjungenda
997 1692 1101 1732 sunt
1141 1690 1301 1732 verba:
1343 1696 1577 1743 ἤλυθεν
1611 1694 1842 1743 Ἰούδας
1876 1697 1923 1744 ¹⁰)
1965 1698 2063 1733 καὶ

366 1768 706 1815 ὁμόστολος
739 1763 834 1804 cet..
868 1761 1031 1803 Totum
1066 1761 1213 1803 locum
1248 1762 1313 1803 sic
1345 1763 1492 1803 verto:
1530 1762 1676 1813 „venit
1709 1761 1877 1803 itineris
1910 1760 2063 1802 socius

366 1835 443 1884 vir,
488 1834 639 1888 digitis
683 1833 869 1875 multum
913 1832 1121 1884 diductis,
1166 1832 1280 1875 alius
1323 1834 1426 1886 post
1462 1833 1610 1883 alium,
1644 1831 1849 1882 sublime,
1883 1833 2061 1874 ventum

368 1904 614 1947 defendens
646 1915 726 1946 vas
759 1903 979 1954 attollens,
1015 1904 1059 1945 in
1093 1915 1183 1958 quo
1213 1904 1392 1946 lucerna
1415 1903 1532 1946 intus
1555 1903 1820 1946 abscondita
1843 1903 1946 1952 erat,
1969 1912 2062 1952 vas,

368 1975 489 2030 quod
513 1976 626 2017 vitor
648 1986 800 2026 senex,
823 1975 1118 2017 arundinibus
1141 1975 1386 2017 intertextis
1411 1976 1452 2017 et
1469 1974 1698 2017 multifidis
1718 1973 2064 2028 conglobaverat

368 2047 411 2088 in
454 2048 671 2089 astrorum
717 2046 956 2100 imaginem
1001 2047 1042 2087 et
1085 2046 1128 2087 in
1162 2057 1251 2088 rem
1285 2046 1477 2088 similem
1510 2045 1753 2100 splendido
1786 2044 1937 2094 coelo;
1971 2043 2062 2094 ubi,

368 2117 547 2160 lucerna
595 2118 638 2159 in
687 2116 836 2159 medio
878 2118 1119 2171 apparente
1159 2128 1237 2170 per
1279 2128 1368 2158 rem
1412 2128 1672 2167 convexam,
1707 2127 1821 2170 quae
1855 2127 1954 2157 cum
1988 2113 2063 2156 illa

369 2189 605 2241 conjuncta
649 2189 752 2239 erat,
787 2188 935 2230 lumen
969 2187 1256 2242 splendidum
1290 2188 1374 2230 sub
1408 2187 1708 2229 multiforatile
1742 2186 2062 2229 munimentum

368 2258 486 2301 foras
529 2258 767 2309 emittente,
809 2257 895 2300 alte
928 2269 1151 2313 apparens
1184 2257 1332 2300 lumen
1367 2269 1445 2312 per
1477 2259 1613 2300 multa
1644 2257 1861 2300 foramina
1893 2257 2063 2299 micans

369 2329 679 2383 splendebat.”
723 2328 1001 2372 Describitur
1044 2329 1175 2384 igitur
1218 2328 1399 2371 lucerna
1431 2329 1475 2371 in
1508 2329 1678 2371 fiscella
1708 2329 1869 2383 juncea
1902 2327 2061 2382 posita.

370 2400 490 2443 Haec
521 2400 691 2444 fiscella
722 2401 934 2443 attollitur
966 2400 1187 2450 sublimis,
1222 2412 1276 2442 ne
1310 2401 1596 2455 prospectum
1625 2400 1860 2454 Impediat3
1893 2399 2064 2441 tenetur

370 2472 521 2527 digitis
550 2471 738 2514 multum
773 2471 944 2522 divisis,
980 2483 1033 2513 ne
1069 2482 1240 2522 manus,
1275 2483 1389 2525 quae
1422 2471 1635 2514 fiscellam
1659 2472 1790 2521 tenet,
1815 2469 2062 2524 prohibeat,

424 2634 449 2677 ¹)
479 2635 516 2670 ln
543 2635 627 2671 Par.
653 2633 692 2679 †.
1127 2633 1155 2678 ⁸)
1184 2635 1222 2671 ln
1250 2635 1457 2681 evangelio
1478 2635 1651 2682 Joanneo
1678 2636 1839 2680 utraque
1869 2644 1945 2670 vox
1972 2631 2012 2677 †.

424 2692 449 2735 ²)
474 2695 530 2741 Jo.
556 2694 685 2738 XVIII,
712 2696 734 2731 3
752 2693 791 2739 †.
1129 2692 1158 2738 ⁴)
1185 2694 1352 2740 Hesych.
1379 2704 1410 2730 s.
1428 2705 1463 2730 v.
1490 2691 1625 2738 φανόν.

422 2750 450 2794 ⁶)
479 2753 606 2788 Verba
632 2754 859 2798 conjuncta:
886 2752 1005 2797 φανοὶ
1030 2752 1094 2786 καὶ
1119 2751 1310 2797 λαμπάδες
1333 2755 1541 2789 occurrunt
1567 2752 1679 2789 Dion.
1706 2753 1789 2789 Hal.
1816 2753 1904 2788 Ant.
1927 2752 1987 2796 XI,
2005 2753 2062 2788 40.

423 2810 450 2853 ⁶)
475 2812 531 2858 Jo.
560 2812 599 2855 ll,
626 2813 659 2848 7.
1129 2811 1158 2856 ⁷)
1180 2813 1237 2859 Jo.
1265 2813 1325 2856 IX,
1354 2812 1383 2848 1.

423 2869 450 2914 ³)
474 2872 531 2917 Jo.
550 2871 611 2914 XI,
629 2872 675 2907 44
689 2883 697 2915 ;
717 2871 832 2918 cf.-Jo.
848 2872 978 2910 XVIII,
991 2873 1015 2908 6
1028 2886 1070 2901 =
1085 2871 1167 2908 Par.
1183 2871 1311 2914 XVIII,
1325 2872 1486 2914 34-38;
1505 2872 1561 2918 Jo.
1577 2871 1705 2914 XVIII,
1721 2872 1764 2908 18
1778 2884 1821 2900 =
1834 2871 1918 2908 Par.
1934 2871 2062 2915 XVIII,

371 2930 533 2972 83-90;
557 2931 612 2976 Jo.
629 2930 725 2973 XIX,
748 2932 790 2967 15
807 2944 849 2959 =
868 2931 950 2968 Par.
970 2931 1067 2975 XIX,
1085 2932 1247 2974 71-81;
1271 2932 1326 2977 Jo.
1347 2931 1428 2974 XX,
1450 2933 1462 2966 l
1482 2944 1523 2959 =
1539 2930 1621 2966 Par.
1637 2931 1717 2974 XX,
1735 2932 1870 2974 l—-ll;
1892 2931 1950 2977 Jo.
1964 2929 2062 2973 XXI,

371 2990 393 3023 7
408 3001 449 3016 =
464 2988 546 3024 Par.
565 2989 662 3032 XXI,
680 2989 831 3025 35-48.

424 3046 452 3090 3)
480 3046 705 3084 Praeterea:
740 3047 823 3084 Par.
850 3049 889 3092 11,
915 3050 984 3092 323
1011 3049 1070 3092 IV,
1096 3049 1164 3091 84;
1194 3050 1282 3092 153;
1312 3049 1400 3092 19o;
1428 3049 1471 3092 V,
1501 3050 1589 3091 111;
1617 3049 1677 3092 Vl,
1706 3050 1772 3092 11;
1797 3050 1865 3092 45;
1893 3048 1969 3091 VII,
1993 3048 2061 3091 54;

374 3106 465 3149 XIII,
492 3107 554 3148 25;
582 3106 678 3149 XVl,
707 3107 783 3143 120.
1123 3106 1167 3151 ¹⁰)
1194 3107 1276 3143 Par.
1303 3107 1432 3150 XVIII,
1461 3108 1513 3143 15.
1809 3112 1811 3115 ’
