2180 3606
141 830 193 872 N.
221 831 290 872 51.

1161 197 1243 239 104

353 324 539 376 quadrat
581 324 847 379 significatio
888 325 980 380 jugi
1024 326 1240 368 trahendi.
1283 325 1500 377 Quamvis
1542 327 1658 369 enim
1691 326 1843 381 jugum
1877 328 2046 370 trahere

353 394 396 435 in
431 394 581 436 labore
615 396 810 449 positum
843 396 913 446 sit,
942 398 1094 438 contra
1118 397 1168 447 is,
1193 397 1269 450 qui
1293 398 1489 440 veritatis
1512 398 1744 440 studiosus
1767 400 1846 449 est,
1870 409 2045 440 summo

353 464 518 519 gaudio
540 465 728 507 afficitur
750 467 791 507 et
813 467 996 508 trahitur
1016 467 1260 522 voluptate,
1283 480 1383 510 cum
1407 470 1567 511 veritas
1591 469 1647 511 sit
1673 475 1989 523 πανθελγὴς
2005 477 2045 523 ¹),

353 536 379 577 i.
399 546 436 577 e.
476 536 626 577 omnia
667 535 921 579 fascinetur.
955 537 1073 579 Nihil
1108 540 1334 592 praeterea
1368 539 1410 581 in
1445 551 1496 582 ea
1530 551 1618 581 non
1653 540 1819 581 bonum
1853 539 2045 582 faustum

352 606 457 648 felix
494 606 853 660 fortunatumque
887 608 954 650 est
970 604 1016 661 ²),
1051 609 1308 662 praesertim
1342 612 1487 652 autem
1522 608 1687 653 Christi
1721 610 1874 665 iugum
1909 621 2047 652 suave

353 678 420 719 est
452 678 493 718 et
524 687 640 719 onus
673 676 769 731 ejus
803 677 914 730 leve,
949 680 994 720 ut
1016 678 1268 722 Matthaeus
1291 680 1399 722 dicit
1415 678 1462 734 ³).
1496 680 1560 722 Ex
1583 692 1674 733 quo
1698 682 1817 734 patet
1838 680 2045 723 Nonnum

353 746 564 789 Matthaei
598 748 877 803 evangelium
912 750 1196 804 cognovisse.

401 839 483 876 Par.
511 840 609 882 xlx,
638 842 679 876 1:
1436 841 1666 888 Αἰνομανῆ
1691 841 1743 878 δὲ

635 913 680 947 2:
729 908 929 957 ὄρχαμος
954 908 1197 959 ἀφραδέων
1223 911 1461 957 στομάτων
1488 911 1713 959 ἀλαλητὸν
1739 911 1916 949 ἀκούων

635 983 680 1019 3:
729 981 913 1027 ληιστὴν
939 979 1200 1027 ἀνίμαστον,
1229 981 1448 1028 ἀδέσμων
1474 980 1622 1019 ὤπασε
1648 986 1744 1031 λαῷ

636 1055 680 1090 4;
729 1054 804 1088 καὶ
830 1051 1043 1100 ῥοπάλοις
1069 1051 1337 1101 ἀχάρακτον·
1364 1052 1626 1101 ἀμοιβαὶῃσι
1653 1054 1705 1090 δὲ
1730 1053 1878 1102 ῥιπαῖς

637 1126 705 1161 5;“
732 1122 943 1170 ῥιγεδανῇ
968 1127 1183 1171 Χριστοῖο
1209 1124 1351 1170 δέμας
1376 1124 1578 1171 φοίνιξεν
1604 1123 1821 1173 ὶμάσθλῃ,

415 1208 603 1252 Nonnus
636 1209 691 1252 de
713 1209 1020 1252 verberatione
1045 1210 1233 1264 primum
1259 1213 1403 1253 narrat
1425 1210 1672 1253 Barabbam
1697 1223 1842 1266 neque
1864 1211 2052 1266 flagellis

357 1291 536 1322 caesum
579 1292 726 1334 neque
768 1281 961 1324 fustibus
1004 1293 1266 1336 percussum
1301 1293 1416 1333 esse,
1450 1282 1613 1325 deinde
1646 1280 1871 1326 Christum
1904 1283 2052 1338 flagris

357 1351 633 1394 verberatum
679 1363 793 1394 esse.
835 1351 937 1394 Duo
980 1353 1112 1407 igitur
1153 1355 1256 1395 sunt
1296 1353 1550 1408 flagellandi
1595 1353 1731 1404 modi,
1775 1365 1891 1408 quos
1924 1365 2053 1409 para-

358 1423 537 1476 phrasta
569 1425 900 1473 commemorat,
932 1422 1053 1474 alter,
1088 1435 1178 1478 quo
1212 1424 1315 1478 quis
1347 1424 1540 1467 fustibus
1573 1425 1784 1475 caeditur,
1816 1425 1937 1475 alter,
1961 1436 2052 1479 quo

356 1493 460 1547 quis
501 1494 754 1536 verberatur
792 1493 899 1537 loris
931 1495 1001 1537 vel
1033 1494 1196 1550 flagris.
1230 1493 1477 1550 Castigatio
1510 1498 1655 1538 autem
1690 1496 1811 1550 prior
1843 1495 2053 1551 infligitur

355 1566 429 1606 aut
462 1565 559 1619 lege
581 1562 911 1619 Judaeorum⁴),
933 1567 1008 1608 aut
1032 1577 1152 1608 more
1176 1565 1473 1611 Romanorum
1499 1566 1714 1609 militibus
1725 1563 1758 1621 ⁵)
1782 1569 1824 1609 et
1846 1566 2053 1609 obscuris

356 1635 627 1678 hominibus.
661 1635 873 1679 Fustibus
906 1647 1169 1690 percussum
1203 1648 1302 1679 esse
1336 1636 1584 1680 Barabbam
1619 1639 1750 1692 negat
1772 1637 1959 1680 Nonnus
1983 1637 2052 1680 his

351 1706 526 1749 verbis:
548 1716 639 1751 καὶ
664 1713 928 1763 ῥοπάλοις
942 1715 972 1762 ·)
999 1713 1319 1763 ἀχάρακτον
1333 1716 1376 1762 ¹).
1395 1706 1584 1751 Perinde
1602 1708 1738 1751 altera
1755 1708 2051 1764 flagellatione

353 1777 567 1820 latronem
590 1777 860 1833 flagellatum
884 1789 984 1821 esse
1003 1780 1147 1833 negat,
1167 1776 1391 1822 Christum
1410 1778 1610 1821 affirmat.
1634 1778 1784 1833 Itaque
1803 1778 2050 1821 Barabbam

352 1853 663 1901 ἀνίμαστον
684 1851 828 1900 vocat,
852 1850 932 1892 sed
956 1847 1120 1893 Christi
1145 1861 1310 1905 corpus
1334 1849 1503 1893 Pilatus
1521 1850 1618 1892 diro
1637 1850 1814 1905 flagello
1832 1850 2049 1893 cruentari

350 1919 482 1974 iussit
512 1919 835 1963 alternantibus
868 1921 1054 1963 ictibus:
1306 1926 1568 1977 ἀμοιβαίῃσι
1590 1929 1620 1976 ·)
1647 1928 1700 1965 δὲ
1726 1928 1875 1977 ῥιπαῖς

586 1997 612 2046 ῥ
629 2011 682 2045 ιγ
695 2011 716 2035 ε
729 2001 759 2035 δ
773 2012 801 2035 α
814 2012 839 2036 ν
852 2004 878 2046 ῇ
902 2003 1118 2047 Χριστοῖο
1144 2000 1286 2046 δέμας
1311 1999 1513 2046 φοίνιξεν
1539 1998 1602 2045 ἱμ
1616 1999 1644 2036 ά
1661 2009 1689 2036 ο·
1704 2003 1740 2036 θ
1753 2003 1780 2037 λ
1793 2013 1819 2047 ῃ
1840 2000 1885 2047 ’).

410 2071 586 2116 Praeter
633 2074 988 2129 expectationem
1038 2076 1328 2129 paraphrasta
1369 2073 1534 2119 Christi
1578 2075 1921 2131 flagellationem
1965 2074 2049 2117 late

351 2155 440 2186 non
473 2144 701 2197 describit,
724 2147 877 2188 contra
900 2145 1148 2188 Barabbam
1173 2158 1262 2188 non
1286 2158 1386 2189 esse
1409 2147 1687 2189 verberatum
1711 2148 1868 2189 narrat.
1903 2143 2050 2189 Credo

351 2215 559 2269 equidem
579 2215 787 2259 Nonnum
806 2217 1080 2271 opposuisse
1099 2216 1347 2260 Barabbam
1362 2218 1587 2261 hominem
1602 2217 2048 2260 etsceleratissimum

350 2297 431 2328 nec
478 2287 757 2329 verberatum
800 2299 854 2330 ne
896 2287 1184 2342 fustigatione
1227 2287 1409 2342 quidem
1454 2288 1602 2330 minus
1645 2289 1826 2330 cruenta
1869 2286 2048 2331 Christo

350 2355 545 2399 Domino
584 2360 627 2400 et
658 2358 1029 2401 innocentissimo
1062 2359 1104 2400 et
1135 2358 1433 2413 flagellatione
1468 2359 1611 2413 magis
1645 2370 1780 2401 saeva
1811 2358 2048 2413 flagellato,

401 2502 429 2547 ¹)
456 2503 538 2540 Par.
564 2502 695 2548 XVlll,
725 2505 802 2541 177.
1223 2502 1251 2549 ’)
1279 2504 1338 2541 Cf.
1353 2504 1437 2541 Par.
1457 2504 1550 2548 Vlll,
1568 2505 1734 2550 80sqq.;
1756 2502 1872 2548 XVll,
1889 2504 2047 2549 56sqq..

400 2560 429 2606 ⁸)
456 2562 515 2599 Cf.
542 2563 679 2600 Matth.
705 2562 767 2603 Xl.
795 2564 853 2600 30.

400 2620 429 2666 ⁴)
454 2621 514 2658 Cf.
542 2622 654 2659 Deut.
681 2621 801 2667 XXV,
827 2625 942 2668 2sq.;
969 2623 997 2659 ll
1024 2622 1112 2660 Cor.
1136 2622 1200 2667 Xl,
1225 2624 1283 2660 24.

400 2679 429 2724 ⁶)
456 2680 515 2718 Cf.
542 2681 678 2728 Polyb.
705 2683 765 2727 vl,
790 2683 848 2726 58,
874 2682 915 2719 l:
946 2681 1177 2724 ξυλοκοπεῖν.
1249 2680 1277 2726 ¹)
1305 2682 1365 2719 Cf.
1394 2693 1430 2719 n.
1452 2683 1510 2719 90.

400 2738 429 2784 ⁶)
457 2741 496 2777 ln
525 2741 609 2777 Par.
637 2739 678 2785 †.

399 2797 428 2843 ⁸)
455 2799 515 2836 Cf.
542 2799 626 2836 Par.
651 2798 751 2844 XIX,
776 2802 841 2838 15:
867 2800 991 2846 χερσὶν
1015 2800 1234 2847 ἀμοιβαίῃσι
1258 2798 1444 2844 παρηίδος
1470 2798 1588 2843 ἄκρον
1613 2797 1795 2843 ἀράσσαν,

774 2861 842 2896 44:
868 2859 1066 2894 ἀντίδοτον
1093 2859 1270 2904 μύθοισιν
1295 2859 1500 2905 ἀμοιβαίην
1525 2856 1618 2902 πόρε
1644 2857 1786 2903 φωνήν,

647 2917 747 2962 XXl,
772 2919 842 2956 46:
867 2918 999 2954 ποσσὶν
1023 2916 1277 2964 ἀμοιβαίοισιν
1305 2917 1500 2961 ὀπιστερον
1525 2916 1647 2952 diesem
1673 2915 1785 2961 ὕδωρ,

535 2976 648 3014 Dion.
672 2976 720 3021 X,
745 2978 837 3014 343:
863 2977 928 3011 καὶ
953 2973 1069 3022 δέμας
1092 2976 1256 3020 ἀλλήλων
1280 2976 1536 3022 ἀνεκούφισαν
1562 2973 1686 3019 ὑψόθι
1710 2973 1819 3020 γαίης

489 3036 581 3073 344:
607 3035 731 3081 χερσὶν
756 3034 984 3083 ἀμοιβαίῃσι,
1011 3037 1061 3073 cf.
1088 3036 1172 3074 Par.
1197 3035 1330 3081 XVlll,
1359 3037 1420 3073 19:
1446 3034 1666 3071 δονάκεσσιν
1691 3033 1933 3080 ἄμοιβαιόισι,
1960 3035 2044 3071 cet..

402 3092 431 3139 ')
458 3093 518 3131 Cf.
544 3105 580 3131 n.
606 3096 663 3131 89.
