2180 3606
102 1975 153 2017 N.

183 1975 252 2018 24.

1139 205 1195 248 56

319 331 481 374 Eadem
506 333 702 387 prudens
725 335 858 376 animi
884 336 1132 377 constantia
1155 347 1291 378 causa
1313 336 1406 388 fuit,
1426 338 1547 391 quod
1566 339 1722 380 testem
1743 338 2010 393 locupletem

319 404 361 444 et
393 403 608 458 integrum
643 415 691 446 se
725 416 824 447 esse
859 404 1081 448 declarare
1114 407 1270 460 potuit.
1305 405 1378 450 Sic

456 484 538 521 Par.
567 486 590 529 1,
615 487 683 521 42:
733 486 807 519 καὶ
833 484 961 529 κλέος
987 481 1141 526 αὐτοῦ,
1177 478 1332 531 inquit,

614 551 680 585 43:
732 546 916 592 εἴδομεν
943 546 1342 596 ἀνδρομέοισιν
1369 549 1423 587 ἑν
1449 549 1721 596 ὔμμασιν;

317 609 382 651 Sic
396 615 681 660 Par.X1X,182:
732 613 841 663 ἀνὴρ
868 612 926 657 d',
954 614 1106 662 ὅστις
1131 615 1359 660 ὄπωπεν,
1387 616 1445 665 ἑῷ
1471 619 1724 655 πιστώσατο
1750 618 1888 667 μύθῳ

589 691 677 726 183:
726 690 975 736 μαρτυρίην
1002 688 1266 736 &cenantem
1292 684 1356 726 sic
1380 684 1434 727 de
1458 685 1586 727 factis
1610 685 1886 727 mirabilibus
1910 685 2013 740 plu-

317 751 452 801 rimis,
488 762 601 803 quae
635 749 840 793 Christus
872 752 989 804 tecit,
1023 753 1135 795 dixit

363 830 446 866 Par.
474 831 554 874 XX,
585 832 672 867 138:
722 830 933 878 μάρτυς
959 829 1232 878 ἀληθείης
1257 833 1394 881 τάπερ
1421 833 1598 882 ι’ἱγραφα
1624 835 1810 872 θέσπιδι
1836 836 1994 882 βίβλῳ,

585 903 673 938 139:
724 899 771 946 ὃς
797 901 907 937 τάδε
932 902 1078 939 πάντα
1102 903 1282 951 χάραξε,
1309 903 1531 950 θελήμονι
1557 904 1745 941 κάλλιπε
1771 910 1892 951 σιγῇ,·

317 972 490 1003 necnOn
526 971 608 1008 Par.
635 973 734 1016 ΧΧΙ,
762 975 849 1010 135;
1218 968 1224 976 ’
1403 965 1535 1020 οὗτος
1560 973 1743 1021 ὀπωπῇ

586 1038 673 1073 136:
725 1034 979 1084 ἀθρήσας
1005 1034 1251 1084 ὁμόφοιτος
1277 1037 1556 1086 ἀλήμονος
1582 1037 1734 1085 ε’κτὺς
1759 1037 1958 1086 ἁκουῆς

586 1109 674 1144 137;
707 1103 865 1154 »ἔργων
891 1110 1143 1145 θεσπεσίων
1170 1106 1468 1158 ἐπιμάρτυρος
1494 1108 1588 1146 ε’στι
1613 1108 1832 1156 μαθητής.

316 1182 435 1234 Quin
477 1186 606 1228 etiam
649 1186 763 1229 falso
807 1188 861 1230 de
887 1189 1005 1243 ,ipso
1050 1191 1226 1240 rumori,
1270 1202 1360 1244 quo
1399 1191 1545 1245 ipsum
1592 1191 1718 1233 morti
1762 1190 2008 1232 obnoxium

314 1255 505 1297 futurum
540 1268 628 1298 non
663 1268 762 1300 esse
797 1258 1017 1311 dicebant,
1051 1260 1310 1314 obloquitur
1343 1262 1411 1303 his
1443 1262 1592 1304 verbis

337 1330 422 1367 Par.
447 1331 545 1375 XXI,
578 1333 666 1368 132:
1376 1332 1430 1370 οὐ
1456 1335 1540 1379 μὲν
1562 1331 1727 1380 Ἰησοῦς

577 1404 665 1438 133:
715 1398 908 1438 ἔννεπεν·
934 1401 988 1439 οὐ
1015 1405 1172 1449 βίοτου
1198 1406 1500 1451 νοσφίσσεται,
1528 1402 1625 1441 ἀλλ’
1656 1403 1726 1441 ὅτι
1752 1409 1937 1449 μοῦνον·

578 1474 664 1510 134:
716 1471 760 1508 εἴ
782 1486 861 1517 μιν
888 1476 1024 1522 δεῦρο
1049 1474 1203 1519 μένειν
1229 1472 1295 1511 ἔτι
1321 1474 1558 1522 βούλομαι,
1587 1475 1759 1512 εἰσόκεν
1785 1472 1924 1516 ἔλθω,

577 1546 664 1581 135;
714 1543 821 1590 πρὸς
847 1544 895 1580 σὲ
921 1546 964 1580 τί
990 1550 1125 1581 τοῦτο
1151 1546 1299 1591 πέλευ
1327 1548 1369 1582 τί
1396 1547 1447 1583 δὲ
1477 1545 1694 1589 πεύθεαι,·

315 1608 416 1659 Quo
450 1609 550 1652 loco
582 1611 1023 1654 animadvertendum
1049 1616 1115 1656 est
1146 1626 1332 1669 graecos
1356 1615 1574 1669 evangelii
1600 1615 1781 1657 codices
1799 1614 2011 1657 exhibere
2079 1636 2087 1642 ἡ

315 1692 470 1723 vocem
506 1687 597 1725 ἐάν.
639 1681 827 1724 Nonnus
871 1683 1013 1738 igitur,
1058 1696 1157 1726 curn
1191 1697 1377 1739 graecus
1411 1687 1554 1727 codex
1588 1686 1672 1740 ipsi
1708 1687 1818 1728 inter
1850 1696 2010 1727 manus

314 1751 455 1802 fuerit,
489 1763 585 1794 eam
620 1753 854 1795 lectionem
888 1756 1069 1797 secutus
1102 1758 1181 1806 est,
1206 1756 1519 1810 plerorumque
1543 1757 1750 1799 codicum
1774 1756 2009 1798 latinorum

316 1822 521 1865 lectionis
553 1823 713 1866 falsae:
751 1824 872 1876 „sic”
904 1826 1098 1868 nescius.

375 1961 580 2017 Denique
614 1964 802 2008 Nonnus
830 1966 1045 2020 Joannem
1078 1968 1294 2023 virginem
1326 1969 1466 2011 fuisse
1499 1970 1721 2012 existimat

361 2044 443 2080 Par.
471 2045 570 2089 XIX,
601 2047 688 2083 139:
738 2047 895 2094 μητέρι
922 2050 1077 2091 μῦθον
1103 2044 1238 2094 ἔλεξε·
1263 2046 1393 2094 γύναι
1420 2048 1730 2096 φιλοπάρθενε
1756 2052 1909 2095 μῆτερ,

599 2119 687 2154 140:
738 2114 864 2162 ἡνίδε
888 2116 1169 2165 παρθένον
1196 2111 1299 2155 υἷα.
1325 2121 1399 2155 καὶ
1427 2116 1619 2164 ἔμπαλιν
1645 2111 1739 2156 εἶπε
1765 2121 1963 2165 μαθητῇ·

598 2190 686 2225 141;
737 2185 862 2233 ἠνίδε
887 2188 1150 2236 παρθενική,
1179 2189 1580 2237 φιλοπάρθενε,
1608 2195 1702 2226 σεῖο
1728 2194 1919 2226 τεκοῦσα

598 2260 686 2295 142:
735 2257 869 2304 νόσφι
903 2259 1052 2296 τόκου.

313 2328 431 2380 Quin
470 2332 600 2374 etiarn
635 2330 859 2376 Christum
893 2333 1078 2388 Joannis
1110 2334 1212 2377 fidei
1248 2337 1428 2378 matrem
1461 2336 1678 2390 virginem
1711 2335 2009 2384 commisisse,

314 2404 548 2455 propterea
590 2404 712 2457 quod
761 2405 832 2446 hic
880 2405 1004 2460 virgo
1052 2406 1193 2457 fuerit,
1242 2409 1390 2460 aperte
1439 2406 1645 2449 declarat.
1695 2405 1814 2448 Haec
1862 2407 2008 2448 autem

314 2472 369 2513 de
399 2472 582 2527 Joannis
620 2476 869 2530 virginitate
907 2478 1125 2519 sententia
1164 2478 1322 2533 legitur
1360 2479 1526 2533 passim
1566 2477 1686 2532 apud
1726 2476 1877 2519 Patres
1919 2477 2007 2518 tam

313 2554 498 2597 graecos
532 2556 665 2598 quam
700 2548 875 2590 latinos.
910 2546 967 2590 Ut
999 2548 1219 2602 quosdam
1252 2550 1388 2591 testes
1421 2549 1612 2599 afferam,
1648 2553 1905 2602 ,,Ἰωάννης”,
1940 2547 2010 2588 in-

314 2615 409 2667 quit
432 2613 793 2669 ChrySOS‘tOmuS,
823 2624 870 2673 „5
895 2639 942 2663 τε
968 2628 1230 2674 Βαπτιστὴς,
1258 2626 1283 2664 ὅ
1301 2641 1348 2664 τε
1367 2626 1702 2675 Εὐαγγελιστὴς,
1730 2624 2007 2674 παρθένοι

314 2691 625 2743 ἀμφότεροι
666 2697 982 2744 τυγχάνοντες”
1007 2699 1049 2743 ²).
1095 2690 1396 2734 TertulliaHUS
1433 2694 1578 2734 autem
1617 2692 1747 2733 dicit:
1789 2691 2008 2745 „joannes

313 2756 451 2810 aliqui
471 2755 633 2800 Christi
658 2758 936 2815 spado”;2)
966 2761 1284 2816 Hieronymus:
1312 2762 1390 2814 „Et
1417 2765 1562 2805 tamen
1585 2763 1781 2817 Joannes
1809 2772 1923 2804 unus
1953 2771 2008 2802 ex

314 2827 564 2882 discipulis,
604 2830 679 2882 qui
719 2831 928 2875 minimus
966 2832 1147 2874 traditur
1178 2833 1317 2876 tuisse
1361 2834 1472 2876 inter
1507 2833 1764 2887 Apostolos,
1800 2834 1841 2874 et
1873 2842 2007 2885 quem

314 2898 426 2940 fides
470 2897 632 2942 Christi
676 2902 993 2956 virginem
1038 2906 1388 2958 repererat,
1421 2905 1582 2958 virgo
1617 2903 2006 2958 permansit...

315 2968 440 3011 solus
472 2970 637 3024 virgo
670 2972 885 3026 virginem
909 2971 1210 3029 agnoscit’';³)
1234 2977 1297 3017 et:
1323 2973 1439 3026 „Sed
1464 2987 1540 3017 cur
1564 2987 1652 3017 non
1670 2975 1866 3030 Joannes
1889 2972 2009 3014 elec-

369 3103 395 3148 ¹)
424 3105 475 3141 M.
503 3105 543 3141 Ρ.
571 3104 616 3142 G.
643 3105 803 3151 XLVIII,
829 3108 909 3144 593.
997 3106 1025 3152 ⁹)
1052 3109 1104 3144 M.
1132 3108 1171 3145 Ρ.
1199 3110 1236 3145 L.
1264 3110 1304 3153 11,
1329 3111 1409 3146 952.
1504 3107 1532 3153 ³)
1559 3110 1611 3147 M.
1638 3110 1678 3146 Ρ.
1706 3111 1743 3146 L.
1771 3109 1901 3154 XXm,
1926 3111 2010 3147 246.
