2180 3606
958 204 1014 247 55

190 333 273 369 Par.
301 333 398 376 XXI,
424 333 468 368 6:
494 331 568 366 καὶ
594 331 862 376 τροχαλοὶ
889 327 975 365 δύο
1000 331 1156 374 παῖδες
1181 326 1442 376 αλιτρεφὲος
1469 330 1728 374 Ζεβεδαίου.

142 404 254 446 Nam
307 415 395 445 vox
446 409 717 458 τροχαλός
736 409 763 454 ¹)
814 401 856 443 et
907 402 1083 456 proprie
1137 402 1179 444 et
1231 402 1415 444 abusive
1460 402 1575 443 idem
1619 402 1733 444 valet
1775 414 1826 444 ac

148 474 459 526 „velociter
492 471 771 514 currens''.
796 470 1025 514 Praeterea
1048 471 1272 515 Christum
1297 483 1471 514 summo
1499 483 1646 513 amore
1671 483 1827 525 prose-

142 544 304 598 quitur.
328 543 516 598 Insignis
539 543 670 597 igitur
691 553 860 583 morum
884 542 1129 584 similitudo
1154 543 1219 584 est
1242 543 1353 584 inter
1376 543 1520 596 ipsum
1541 544 1582 583 et
1599 539 1826 584 Simonem

144 613 334 656 Petrum.
366 614 524 655 Verum
558 612 777 654 modestia
809 612 1257 666 antecellitJoannes,
1281 613 1382 654 iicet
1405 612 1621 654 interdum
1646 623 1827 665 quoque

145 685 188 726 In
222 682 461 726 Dominum
494 684 662 737 peccet,
696 683 742 723 ut
774 693 872 723 cum
897 682 1029 723 dixit:
1057 689 1194 737 κύριε,
1213 690 1365 735 θέλεις
1384 689 1577 734 εἴπωμεν
1595 694 1681 737 πῦρ
1698 702 1828 725 κατα-

144 765 274 808 βῆναι
301 759 386 797 ὰπὸ
412 765 493 797 τοῦ
515 758 710 807 οὐρανοῦ
727 761 801 795 καὶ
820 758 1049 796 ἀναλῶσαι
1067 757 1230 805 αὐτούς
1247 760 1301 805 ς“),·
1333 752 1487 805 Neque
1515 752 1672 794 frustra
1701 750 1829 795 Chri-

144 827 241 866 stus
272 835 372 866 eum
407 825 448 865 et
475 822 688 877 Jacobum
721 821 895 864 fratrem
930 822 1025 876 ejus
1057 822 1234 863 vocavIt
1261 823 1438 863 nomine
1468 821 1722 876 Boanerges
1746 822 1772 864 i.
1791 833 1828 864 e.

142 895 262 937 tilios
304 894 481 936 tonitrui
500 891 546 946 3).
580 890 668 935 Sed
701 893 791 947 agit
823 893 1083 946 plerumque
1116 893 1394 934 considerate
1428 894 1468 934 et
1501 892 1750 947 prudenter.
1785 892 1828 934 In

145 967 228 1007 hac
261 967 406 1007 autem
434 964 658 1018 Joanneae
683 963 847 1005 Indolis
872 962 1171 1016 descriptione
1194 962 1382 1004 Nonnus
1405 963 1490 1004 sibi
1516 965 1726 1005 constans
1750 964 1829 1004 est.

143 1033 219 1078 Sic
243 1034 520 1077 considerate
544 1035 585 1076 et
607 1033 808 1075 modeste
831 1045 930 1075 cum
954 1031 1128 1074 Andrea
1145 1032 1386 1074 Dominum
1405 1033 1617 1086 sequitur,
1637 1032 1830 1075 Messiae

144 1106 449 1160 cognoscendi
484 1104 689 1159 cupidus.
723 1102 865 1154 Quem
900 1115 999 1145 cum
1033 1104 1350 1157 cognoverunt,
1384 1103 1523 1144 secuti
1555 1105 1657 1144 sunt

193 1186 276 1222 Par.
303 1187 327 1229 1,
357 1187 443 1222 153:
775 1180 911 1227 ἄμφω
937 1181 990 1217 δὲ
1014 1186 1094 1227 μιῇ
1119 1179 1363 1225 πειθήμονι
1389 1183 1541 1226 βουλῇ.

146 1257 309 1301 Christi
343 1269 492 1299 amore
515 1257 688 1307 ductus,
711 1257 871 1298 anxius
895 1255 1108 1310 periculo,
1132 1255 1278 1297 audax
1301 1253 1524 1297 Christum
1550 1254 1833 1308 interrogavit

144 1329 201 1371 de
235 1329 473 1383 proditore,
506 1328 586 1370 sed
620 1327 849 1369 modestus
872 1326 968 1381 ejus
991 1326 1173 1368 auribus
1196 1325 1509 1368 insusurravit:
1541 1322 1680 1375 „Quis
1703 1324 1831 1366 est‘?”

192 1415 276 1452 Par.
302 1416 394 1458 XIII,
423 1415 511 1451 106:
1031 1407 1056 1446 ὁ
1082 1410 1135 1446 δὲ
1159 1409 1333 1457 θρασὺς
1358 1408 1449 1455 ὀξέι
1476 1411 1637 1456 παλμῴ
1663 1409 1692 1454 ⁴)

430 1482 518 1516 107:
570 1477 846 1521 δαινυμένου
872 1478 1082 1522 βασιλῆος
1108 1473 1516 1522 ε’πεψιθύριζεν
1542 1472 1724 1519 ἀκουῇ·

428 1552 516 1587 108:
566 1549 633 1593 τίς
658 1543 861 1591 τελέθεις

144 1623 191 1666 In
234 1623 459 1678 pontiticis
499 1622 644 1664 aulam
687 1621 812 1664 solus
855 1619 1079 1664 Christum
1121 1620 1334 1674 sequitur,
1377 1618 1489 1661 Petri
1534 1619 1645 1661 socii
1689 1619 1833 1660 tamen

148 1694 265 1737 haud
303 1694 546 1735 immemor.
588 1692 699 1734 Nam
739 1696 822 1732 Par.
849 1695 977 1738 XVIII,
1003 1695 1049 1731 76
1063 1705 1171 1739 sqq.:
1198 1690 1394 1739 ἄνθορεν
1421 1689 1467 1726 ἐκ
1492 1690 1705 1738 μεγάροιο
1738 1689 1834 1730 cet„

147 1763 310 1808 Christi
344 1764 572 1806 morientis
605 1765 785 1805 matrem
819 1760 1097 1815 hospitaliter
1128 1761 1243 1802 tecto
1276 1759 1444 1813 reCIpit,
1473 1770 1647 1801 summo
1671 1756 1833 1801 Christi

147 1836 284 1878 amori
317 1834 485 1876 fervide
518 1834 797 1888 respondens
813 1829 860 1885 5).
895 1831 1066 1873 Primus
1100 1832 1337 1884 praeterea,
1372 1840 1471 1870 cum
1505 1830 1622 1871 esset
1653 1830 1695 1870 in
1720 1829 1835 1879 navi,

148 1905 344 1960 prudens
387 1904 629 1946 Dominum
674 1902 890 1958 agnoscit,
934 1901 1013 1943 sed
1047 1900 1277 1943 modestus
1310 1899 1484 1941 Petrum
1519 1900 1712 1941 imitatus
1746 1910 1834 1940 non

148 1978 236 2027 est;
269 1975 559 2029 temperantia
591 1974 736 2025 utitur,
769 1973 913 2014 donec
941 1972 1066 2013 navis
1089 1970 1262 2025 appulit
1278 1967 1324 2023 6).
1359 1968 1431 2012 Sic
1456 1981 1636 2023 quoque
1660 1968 1834 2011 Petrum

148 2047 329 2101 quidem
363 2045 603 2100 praevenit,
637 2056 736 2086 cum
771 2044 893 2085 ibant
924 2041 979 2084 ad
1014 2042 1345 2084 monumentum

195 2133 279 2170 Par.
305 2133 386 2176 XX,
412 2133 480 2169 20:
529 2131 603 2165 καὶ
629 2128 918 2175 φθάμενος
943 2128 1128 2171 Σίμωνα
1153 2123 1467 2170 ποδήνεμος
1493 2115 1606 2169 ἦλθε
1632 2123 1837 2169 μαθητὴς

413 2204 482 2239 21:
534 2197 710 2247 Πέτρου
738 2195 1059 2246 σπερχομένοιο
1094 2195 1390 2243 θοώτερος,
1415 2186 1637 2228 desiderio
1661 2197 1836 2228 summo

147 2265 413 2314 commotus,
457 2263 536 2306 sed
575 2273 727 2304 secum
762 2261 1066 2311 considerans,
1100 2259 1208 2313 quid
1240 2258 1403 2300 factum
1437 2258 1506 2307 sit,
1541 2269 1629 2298 non
1663 2257 1838 2299 intravit

196 2340 279 2376 Par.
306 2339 387 2382 XX,
413 2340 481 2375 25:
531 2333 585 2372 οὐ
610 2335 694 2380 μὲν
720 2331 807 2371 ἔσω
833 2332 1046 2380 διέβαινε,
1072 2334 1147 2368 καὶ
1173 2331 1212 2368 εἰ
1237 2330 1406 2376 ταχὺς
1430 2321 1607 2375 ἦλθεν
1633 2326 1821 2365 ὁδεύων.

148 2406 308 2449 Verum
341 2405 471 2448 simul
505 2406 637 2458 atque
670 2404 1004 2445 monumentum
1039 2402 1266 2455 ingressus
1298 2402 1445 2441 vestes
1474 2398 1584 2440 vidit
1612 2398 1768 2439 mirum
1793 2398 1836 2439 in

150 2477 330 2519 modurn
355 2475 630 2525 convolutas,
655 2475 822 2528 primus
841 2471 1064 2516 Christum
1089 2483 1111 2514 e
1135 2471 1319 2513 mortuis
1341 2469 1634 2511 resurrexisse
1652 2467 1838 2511 credidit

197 2558 280 2593 Par.
306 2557 388 2599 XX,
414 2557 481 2593 38:
532 2551 691 2601 ἔδρακε
716 2554 790 2589 καὶ
816 2553 1035 2588 πίστευεν.

210 2628 374 2671 Eadem
387 2628 572 2683 Joannis
595 2627 814 2669 modestia
837 2625 993 2673 effecit,
1018 2625 1063 2666 ut
1085 2634 1310 2677 nunquam
1335 2622 1377 2663 in
1402 2621 1634 2675 evangelio
1658 2620 1837 2662 nomine

151 2713 199 2743 se
233 2699 441 2754 appellet,
469 2699 549 2742 sed
575 2698 691 2740 idem
716 2698 812 2752 eius
837 2698 879 2739 in
904 2694 1127 2740 Christum
1150 2706 1274 2736 amor
1294 2692 1492 2735 fervidus
1516 2703 1615 2734 eum
1639 2691 1837 2741 adduxit,

151 2774 198 2813 ut
241 2770 476 2825 singulare,
520 2768 641 2823 quod
685 2780 785 2810 cum
829 2766 1023 2809 Domino
1066 2766 1219 2808 habuit
1251 2763 1579 2814 commercium,
1613 2762 1837 2804 revelaret.

205 2973 233 3018 ¹)
261 2974 299 3010 In
326 2974 409 3010 Par.
436 2971 475 3017 †.
811 2970 840 3016 ²)
868 2972 956 3007 Luc.
984 2969 1045 3014 IX,
1069 2971 1125 3006 54.
1414 2965 1443 3010 3)
1471 2966 1529 3003 Cf.
1556 2966 1673 3002 Marc.
1700 2965 1756 3008 III,
1786 2965 1839 3000 17.

202 3032 234 3076 ⁴)
262 3033 320 3069 Cf.
347 3032 430 3069 Par.
459 3033 482 3075 I,
511 3033 599 3075 116;
627 3032 667 3075 II,
691 3032 756 3074 82;
784 3031 838 3073 III,
864 3031 932 3072 41;
959 3031 1054 3072 cet.;
1082 3028 1195 3064 Dion.
1221 3028 1244 3070 I,
1274 3028 1362 3069 193;
1389 3028 1473 3062 cet..

204 3090 233 3135 Ι’)
262 3091 319 3128 Cf.
347 3091 430 3127 Par.
456 3089 555 3134 XIX,
587 3091 653 3126 142
678 3099 748 3134 sq..
1060 3085 1088 3131 6)
1117 3086 1174 3123 Cf.
1201 3085 1284 3122 Par.
1311 3084 1409 3128 XXI,
1436 3086 1481 3120 35
1507 3093 1603 3128 sqq..
