2180 3606
958 245 1014 287 75

328 374 396 409 58:
447 373 582 411 τίπτε,
610 368 753 415 γύναι,
780 370 1032 415 στενάχεις,·
1058 371 1209 417 Μαρίη
1235 365 1491 414 δἠμείβετο
1515 366 1668 414 μύθῳ·

328 444 396 480 59;
446 439 504 486 ὼς
529 440 646 485 τινες
671 439 860 487 ἅρπαγες
886 439 1045 488 ἄνδρες
1071 437 1181 484 ε’μὸν
1206 442 1398 486 βασιλῆα
1423 437 1646 482 λαθόντες

327 514 395 550 6οε
446 509 642 556 ἐννύχιοι
668 509 878 555 σύλησαν.
905 508 989 556 ἐγὼ
1015 507 1144 546 δὀὐκ
1169 502 1275 546 οἶδα
1301 514 1457 555 νοῆσαι

328 584 396 620 61;
446 579 614 617 ὁππόθι
639 594 719 625 μιν
743 580 1013 626 μετέθηκαν.
1040 577 1404 628 ὑποστρεφθεῑσα
1431 579 1482 615 δὲ
1507 580 1628 623 κείνη

327 654 394 690 62:
440 648 610 697 Ἰησοῦν
636 649 830 696 ε’νόησεν,
857 649 909 687 ὃν
935 647 1125 687 ἔστενεν·
1152 649 1394 694 ἱστάμενον
1421 649 1473 685 δὲ

328 725 395 761 63;
446 715 540 759 εἶδε
564 724 639 758 καὶ
665 719 720 758 οὐ
745 723 974 767 γίνωσκεν,
1001 719 1072 757 ὅτι
1099 720 1249 767 ζαθέω
1276 721 1395 767 παρὰ
1420 719 1578 766 τύμβῳ

327 795 394 830 64;
445 792 635 840 Χριστὸς
661 788 749 837 ἔην.
775 794 849 828 καὶ
875 791 1016 837 ξεῖνος
1043 790 1152 839 ἀνὴρ
1179 790 1256 826 ἅτε
1281 796 1419 836 κῆπον
1445 787 1633 830 ὁδεύων,

326 866 395 901 65:
444 864 582 904 τίπτε,
609 861 752 908 γύναι,
780 861 1030 907 στενάχεις,·
1055 861 1239 908 κινυρὴν
1265 858 1435 908 ἐρέεινε
1459 864 1659 906 γυναῖκα·

328 936 395 972 66;
446 933 552 974 εἰπέ,
580 934 623 968 τί
650 931 910 978 μαστεύεις,·
938 933 1088 979 Μαρίη
1115 928 1415 977 δ’ὲφθεῖγξατο
1442 930 1595 975 φωνὴν

327 1007 395 1042 67:
446 1002 666 1049 ἑλπομεῖνη
691 1003 848 1050 κήποιο
874 1003 1136 1050 φυτηκόμον
1162 1001 1306 1048 ἄνδρα
1329 1006 1499 1047 νοῆσαι·

327 1077 395 1113 68:
444 1074 484 1110 εἰ
510 1074 565 1110 σὺ
590 1074 722 1111 νέκυν
749 1074 988 1120 ζοφόεντος
1014 1072 1254 1119 ἐκούφισας
1280 1069 1437 1108 ἔκτοθι
1463 1070 1652 1117 τύμβου,

327 1147 396 1183 69:
446 1142 612 1186 ἔννεπε,
639 1150 696 1191 πῇ
721 1145 985 1191 μετέθηκας·
1012 1142 1096 1190 ε’γὼ
1123 1143 1174 1179 δέ
1200 1156 1280 1187 μιν
1307 1139 1442 1178 ἔνθεν
1468 1139 1618 1188 ἀείρω.

328 1219 395 1254 70:
440 1211 604 1261 Ἰησοῦς
629 1211 928 1259 δ’άπάμειπτο
952 1214 1069 1260 χέων
1095 1212 1447 1260 ἁρίδηλονιωὴν

327 1290 394 1325 71:
443 1288 517 1322 καὶ
545 1287 723 1333 Μαρίην
748 1285 914 1331 ἰάχησε.
939 1286 1333 1332 μεταστρεφθεῖσα
1360 1283 1412 1318 δὲ
1437 1284 1559 1327 κείνη

327 1360 394 1395 72;
444 1356 662 1404 ῥαββουνὶ
687 1355 908 1402 κατέλεξε.
935 1355 1044 1401 θεὸς
1069 1351 1310 1397 δ’ἀνέκοψε
1334 1357 1523 1399 γυναῖκα

327 1430 395 1465 73;
445 1426 674 1474 δεξιτερὴν
698 1426 955 1471 μέλλουσαν
982 1423 1025 1471 ἐς
1051 1424 1280 1473 ἄμβροτον
1306 1416 1411 1468 εἷμα
1436 1422 1666 1459 πελάσσαι.

325 1502 392 1536 74:
442 1499 516 1534 καί
542 1496 586 1534 οἱ
613 1501 768 1542 μῦθον
795 1494 957 1543 ἔλεξεν·
984 1495 1106 1541 ἐμῶν
1130 1496 1191 1545 μὴ
1217 1499 1336 1539 ψαῦε
1361 1493 1566 1540 χιτώνων
1590 1494 1631 1540 ¹).

326 1608 393 1643 79:
442 1607 517 1641 καὶ
546 1607 696 1652 Μαρὶη
722 1604 942 1650 πεπότητο
967 1606 1040 1640 καὶ
1068 1600 1229 1639 ἕνδεκα
1253 1601 1448 1649 μάρτυρι
1474 1605 1600 1647 φωνῇ

325 1679 392 1714 80:
443 1681 577 1713 πᾶσιν
603 1673 930 1723 ὑπωροφίοισιν
956 1672 1059 1720 ἔπος
1088 1672 1257 1720 ξύνωσε
1283 1675 1524 1718 μαθηταῖς,

327 1749 396 1784 81:
445 1743 543 1782 ὅττι
568 1747 881 1791 μεταχθονίου
905 1742 1194 1791 γυμνούμενα
1220 1747 1323 1788 γυῖα
1348 1745 1538 1787 χιτῶνος

326 1820 394 1855 82:
445 1817 641 1864 Χριστὸν
668 1815 739 1852 ἴδε
765 1818 1007 1861 στίλβοντα
1032 1812 1272 1860 θεοκμήτῳ
1298 1814 1387 1849 τινὶ
1412 1811 1577 1858 πέπλῳ,

327 1890 394 1925 83;
444 1889 518 1923 καὶ
544 1886 588 1923 οἱ
615 1884 699 1932 ἔφη
725 1886 836 1922 τάδε
862 1886 1007 1922 πάντα
1031 1885 1148 1930 χέων
1176 1882 1401 1921 ἀντώπιον
1427 1881 1582 1928 αἴγλην
1605 1882 1648 1927 ²).

200 1972 326 2014 Haud
370 1972 607 2027 ambigam,
650 1975 792 2014 utrum
834 1972 975 2013 Maria
1016 1970 1285 2025 Magdalena
1316 1969 1471 2011 eadem
1505 1967 1662 2010 mulier
1692 1968 1750 2010 sit
1781 1978 1832 2009 ac

139 2043 293 2093 Maria,
327 2055 453 2085 soror
487 2043 634 2085 Lazari
653 2040 700 2097 3),
734 2044 808 2084 aut
841 2042 997 2084 mulier
1029 2042 1103 2083 illa
1134 2042 1178 2082 in
1205 2041 1381 2082 civitate
1406 2039 1642 2094 peccatrix,
1666 2038 1721 2080 de
1745 2049 1833 2091 qua

141 2113 282 2156 Lucas
322 2111 475 2168 agit⁴).
509 2114 620 2156 Nam
654 2115 739 2156 hoc
773 2113 962 2155 Nonnus
994 2123 1177 2166 quoque
1211 2112 1254 2152 in
1289 2110 1438 2152 medio
1472 2109 1664 2163 reliquit,
1697 2109 1756 2150 ita
1788 2111 1834 2150 ut

141 2196 194 2226 ne
237 2185 430 2238 epitheta
473 2185 654 2238 quidem
688 2184 842 2226 eadem
876 2183 1044 2225 Mariae
1076 2181 1370 2236 Magdalenae
1405 2182 1446 2222 et
1477 2180 1658 2230 Mariae,
1692 2179 1831 2221 sorori

142 2255 304 2306 Lazari,
337 2256 557 2307 attribuat,
592 2257 779 2309 excepto
803 2255 902 2296 solo
925 2253 1172 2296 vocabulo:
1206 2260 1602 2307 φιλοδάκρυος.
1636 2248 1724 2292 Sed
1748 2250 1833 2292 hoc

141 2326 367 2380 epitheton
392 2327 446 2368 de
471 2328 655 2379 utraque
679 2325 922 2379 praedicari
948 2325 1105 2366 mirum
1130 2336 1218 2365 non
1242 2324 1321 2373 est,
1346 2334 1445 2364 cum
1471 2322 1644 2374 utrique
1666 2320 1834 2362 Mariae

141 2396 381 2451 Singularis
414 2408 550 2438 causa
581 2396 674 2447 fuit,
709 2398 754 2437 ut
775 2396 908 2445 fleret,
931 2395 1054 2437 alteri
1078 2394 1251 2436 scilicet
1271 2393 1402 2435 frater
1424 2393 1623 2433 mortuus
1640 2387 1688 2444 5),
1710 2390 1832 2431 alteri

141 2464 345 2510 Christus
378 2466 599 2510 Dominus
632 2467 857 2521 supplicio
891 2462 1139 2518 affectusss).
1174 2465 1323 2518 Itaque
1357 2463 1514 2505 iisdem
1548 2461 1834 2515 argumentis,

142 2538 321 2591 quibus,
356 2539 430 2591 qui
466 2538 571 2592 legit
601 2538 895 2592 evangelium,
930 2537 1176 2587 inducatur,
1210 2537 1256 2576 ut
1287 2536 1449 2576 statuat
1480 2535 1554 2575 aut
1586 2534 1672 2574 tres
1694 2531 1833 2573 fuisse

144 2608 362 2659 mulieres,
397 2609 704 2662 peccatricem,
738 2619 935 2650 sororem
969 2607 1134 2656 Lazari,
1167 2605 1496 2659 Magdalenam‚
1529 2604 1603 2645 aut
1635 2601 1748 2644 duas
1770 2613 1832 2644 sc.

142 2691 338 2721 sororem
383 2679 531 2721 Lazari
565 2681 607 2721 et
638 2679 822 2720 Mariam
856 2678 1183 2733 Magdalenam,
1216 2678 1345 2717 antea
1378 2675 1671 2729 peccatricem
1704 2672 1834 2714 alter-

145 2751 296 2799 utram,
310 2751 383 2791 aut
395 2750 590 2803 denique
604 2761 735 2791 unam
753 2749 1076 2799 tantummodo,
1096 2747 1253 2790 iisdem
1268 2746 1417 2787 induci
1434 2746 1594 2799 potest,
1609 2744 1684 2797 qui
1701 2742 1833 2785 Para-

144 2820 338 2873 phrasim
363 2820 474 2862 inter
495 2832 653 2863 manus
674 2822 834 2862 versat.
857 2820 1042 2861 Mariam
1066 2817 1394 2872 Magdalenam,
1417 2827 1533 2869 quae
1556 2814 1679 2857 metri
1699 2824 1834 2855 causa

144 2890 322 2931 nomine
355 2890 581 2944 gentilicio
615 2896 946 2944 Μαγδαλινή
979 2891 1161 2931 vocatur
1184 2899 1264 2941 pro
1298 2891 1650 2940 Μαγδαληνή,
1685 2886 1832 2926 notam

195 3017 223 3061 ¹)
251 3018 308 3054 cf.
331 3019 388 3064 Jo.
414 3017 497 3061 XX,
525 3020 673 3054 11—17.
1040 3016 1069 3058 4)
1098 3016 1156 3052 cr.
1183 3015 1272 3050 Luc.
1299 3014 1374 3057 vn,
1400 3014 1551 3049 36—50.

195 3075 224 3121 ⁴²)
251 3077 310 3113 Cf.
332 3078 389 3123 Jo.
415 3075 498 3120 XX,
528 3077 580 3112 18.
1041 3073 1069 3118 ι)
1098 3074 1156 3110 Cf.
1183 3074 1266 3109 Par.
1291 3071 1354 3116 X1,
1382 3073 1459 3109 103.

195 3134 223 3178 ³)
252 3135 310 3171 Cf.
333 3136 389 3182 Jo.
415 3134 477 3179 XI,
507 3136 639 3178 1—46;
666 3133 742 3178 Xll,
772 3136 872 3170 1—8.
982 3167 984 3171 ,
1041 3132 1070 3177 ⁶)
1099 3133 1158 3169 Cf.
1185 3132 1268 3168 Par.
1294 3130 1393 3174 XIX,
1423 3132 1506 3173 1373
1533 3129 1617 3173 XX,
1642 3131 1675 3165 2.
