2180 3606
1116 192 1196 233 124

308 323 473 365 uncino
506 323 681 365 duabus
714 322 981 376 cuspidibus
1015 322 1243 373 instructo,
1277 323 1352 376 qui
1386 323 1482 365 scil.
1517 334 1615 364 cum
1650 322 1763 364 duae
1787 321 2001 376 cuspides

309 393 377 435 vel
411 394 501 436 duo
535 393 647 435 clavi
683 404 772 435 uno
805 393 933 446 quasi
969 404 1022 434 ex
1055 393 1199 446 capite
1224 394 1566 448 progrediuntur
1588 394 1629 435 et
1652 404 1741 435 uno
1769 391 1846 434 illo
1869 393 1999 435 etiam

309 465 437 518 quasi
482 465 703 514 uniuntur,
753 470 884 517 ἄζυξ
924 471 1135 517 γόμφος
1179 463 1392 517 appellari
1438 463 1612 518 potest’'
1637 460 1682 516 ¹).
1726 462 1800 505 Vir
1841 463 2002 505 doctus

309 535 508 589 profecto
551 536 731 576 secutus
773 537 840 577 est
883 534 1117 576 lectionem
1161 535 1367 577 codicum
1411 534 1566 590 ἦτορ.
1604 530 1693 576 Sed
1727 534 1836 575 haec
1869 534 2003 576 inter-

309 606 510 660 pretatio,
553 607 647 647 sive
671 607 837 647 textum
861 605 955 648 sive
976 617 1065 647 rem
1091 606 1232 659 ipsam
1258 606 1531 656 consideres,
1556 605 1739 647 omnino
1764 604 2003 659 rejicienda

308 687 408 719 esse
450 676 555 717 mihi
590 676 777 718 videtur.
811 674 1004 718 Primum
1040 676 1156 718 enim
1190 675 1346 732 ἦτορ,
1381 677 1407 718 i.
1427 688 1464 718 e.
1499 688 1608 727 cor,
1642 674 1754 718 clavi
1789 686 2002 717 cacumen

308 747 402 789 sive
447 748 581 800 caput
625 757 724 789 esse
769 758 857 788 non
902 748 1048 800 potest
1092 758 1237 800 neque
1281 748 1449 801 cuspis.
1495 746 1737 797 Praeterea,
1771 744 2002 800 quomodo

308 815 470 861 Christi
497 816 636 871 pedes
661 818 849 859 maxime
873 817 1086 872 singulari
1111 818 1196 859 hoc
1220 818 1348 860 clavo
1372 830 1507 860 unum
1530 818 1652 873 juxta
1675 817 1809 859 alium
1829 816 2004 871 positos

309 887 470 930 milites
504 887 734 942 perfodere
760 888 996 942 potuerint,
1020 887 1280 931 difficillime
1305 889 1567 943 concipitur.
1602 886 1822 942 Denique,
1847 899 2004 941 quam-

308 958 376 1001 vis
418 969 554 1001 voces
596 963 938 1012 ὁμοπλεκής
980 961 1022 1001 et
1063 964 1336 1014 ὁμόςυξ·)
1376 960 1514 1014 pedes
1547 971 1683 1001 unum
1715 958 1838 1014 iuxta
1869 957 2003 1001 alium

309 1029 484 1083 positos
526 1029 777 1084 significare
822 1030 1010 1084 possint,
1044 1032 1190 1072 tamen
1224 1030 1412 1073 Nonnus
1446 1042 1522 1073 eas
1555 1030 1766 1072 adhibere
1799 1029 1926 1081 solet,
1960 1030 2006 1071 ut

307 1099 529 1156 significet
561 1112 631 1143 res
664 1101 730 1143 sic
764 1101 1027 1156 coniunctas
1061 1113 1195 1144 unum
1231 1102 1339 1155 quid
1373 1101 1560 1144 efficere.

367 1170 599 1214 Postremo
647 1170 763 1214 duos
811 1172 951 1226 pedes
1000 1172 1138 1215 clavis
1187 1173 1366 1215 duobus
1414 1183 1514 1215 esse
1562 1170 1800 1214 transfixos
1847 1171 2005 1213 verba:

307 1249 634 1298 τετράζυγι
677 1253 877 1298 δεσμῷ
926 1243 1228 1286 demonstrare
1278 1256 1366 1286 non
1416 1245 1608 1298 possunt
1655 1253 1799 1296 neque
1849 1242 2006 1284 verba:

309 1321 663 1369 τετραπόρῳ
702 1319 1007 1370 ὸλέθρῳδ).
1040 1314 1150 1357 Nam
1184 1321 1479 1371 τετράςυξ
1511 1314 1628 1356 idem
1662 1315 1729 1356 est
1761 1323 1813 1355 ac
1850 1323 2007 1367 „qua-

310 1384 600 1439 druplex,
645 1385 966 1438 quatuor’'.
1005 1384 1155 1439 ltaque
1188 1392 1516 1441 τετράςυγι
1555 1395 1756 1439 δεσμῷ
1789 1383 2009 1426 indicatur

310 1457 499 1509 quatuor
532 1453 695 1499 Christi
730 1457 927 1499 membra
961 1468 1062 1499 esse
1095 1457 1256 1500 vincta.
1292 1456 1411 1499 Haec
1435 1458 1580 1499 autem
1605 1456 1753 1498 vincta
1776 1465 1876 1498 esse
1900 1465 2008 1509 pos-

309 1528 412 1569 sunt
443 1528 518 1569 aut
550 1526 729 1570 duobus
751 1529 826 1570 aut
848 1528 990 1570 tribus
1013 1530 1088 1570 aut
1110 1530 1302 1582 quatuor
1324 1528 1477 1571 clavis.
1513 1524 1587 1569 Sic
1619 1533 2007 1582 τετράπορον·)

309 1599 376 1640 est
411 1597 506 1649 „id,
541 1597 691 1652 quod
726 1600 973 1652 quatuor
1006 1611 1100 1641 ora
1132 1598 1344 1649 habet'’,
1372 1599 1409 1641 si
1434 1597 1616 1640 alterius
1638 1597 1776 1652 partis
1799 1596 2005 1639 vocabuli

309 1669 486 1723 etymon
530 1680 555 1711 a
595 1680 706 1711 voce
739 1676 922 1724 πόρος
955 1670 1108 1721 ducis;
1144 1670 1240 1721 „id,
1286 1669 1438 1724 quod
1481 1671 1685 1723 quater
1722 1667 2008 1710 transfos-

309 1751 428 1782 sum
463 1739 591 1790 est”‚
625 1740 662 1783 si
696 1752 721 1783 a
754 1741 891 1783 verbo
924 1751 1140 1796 κείρειν
1175 1741 1327 1792 ducis;
1371 1741 1441 1782 cui
1476 1740 1714 1792 vocabulo,
1748 1740 1784 1782 si
1820 1738 2008 1794 coniun-

309 1810 423 1865 gitur
466 1822 553 1852 vox
593 1817 872 1867 ὄλεθρος,
916 1812 1024 1854 nihil
1068 1811 1189 1854 aliud
1234 1811 1456 1867 significat
1499 1811 1583 1853 nisi
1623 1810 1860 1866 pernicies,
1894 1821 2008 1864 quae

309 1882 499 1935 quatuor
530 1882 791 1925 vulneribus
825 1882 1023 1925 efficitur.
1058 1881 1208 1937 ltaque
1242 1893 1401 1925 manus
1429 1881 1609 1924 Domini
1635 1881 1803 1936 duplici
1827 1880 2009 1923 vulnere

309 1952 545 1995 transfixae
587 1952 882 2008 ejusdemque
926 1954 1067 2008 pedes
1108 1966 1198 1996 uno
1241 1954 1370 1996 clavo
1413 1953 1637 2008 coniuncti
1683 1951 2009 2006 transfossique

309 2023 477 2078 duplici
511 2023 693 2066 vulnere
727 2024 966 2079 significari
1003 2027 1206 2079 possunt.

368 2095 576 2149 Magnam
631 2095 687 2137 ad
736 2095 1036 2138 extricandam
1086 2096 1141 2138 de
1190 2108 1374 2139 numero
1422 2096 1647 2139 clavorum
1697 2094 2006 2149 quaestionem

310 2164 613 2209 difficultatem
647 2166 833 2209 afferunt

356 2245 439 2282 Par.
466 2246 564 2291 xlx,
589 2247 681 2283 200:
731 2242 889 2291 ἐγγύθι
916 2246 968 2282 δὲ
993 2251 1208 2293 σταυροῖο
1234 2245 1514 2292 πεπηγμένον
1541 2244 1678 2294 ἄκρον
1704 2243 1892 2292 ἐρύσσας

591 2318 683 2354 201:
734 2317 891 2363 δίζυγα
918 2317 1088 2361 δεσμὸν
1114 2313 1272 2354 ἔλυσεν
1302 2315 1557 2363 ἀκαχμένον
1583 2314 1675 2362 ὀξέι
1700 2318 1866 2363 χαλκῷ.

311 2387 421 2432 Cum
457 2390 623 2443 quibus
656 2395 968 2445 comparentur
1000 2396 1083 2432 Par.
1110 2396 1208 2439 X1X‚
1234 2397 1302 2432 93:
1409 2391 1745 2439 ἐπισφῑγξαντες
1771 2390 1936 2439 ἀνάγκη

356 2471 425 2506 94:
462 2469 849 2516 πεπταμένας
887 2467 1187 2518 ἑκάτερθε
1228 2471 1522 2517 σιδηρείῳ
1560 2472 1685 2506 τινὶ
1723 2472 1923 2516 δεσμῷ

356 2553 424 2590 95;
462 2556 684 2599 χεῖρας.
735 2543 976 2599 Utramque
1024 2543 1205 2586 Domini
1259 2555 1436 2586 manum
1486 2544 1664 2599 singulo
1713 2543 1842 2586 clavo
1887 2543 2004 2585 cruci

310 2612 485 2656 affixam
510 2625 611 2657 esse
634 2615 743 2657 haec
767 2615 992 2658 insinuare
1015 2615 1232 2657 videntur.
1258 2613 1451 2657 Primum
1467 2614 1635 2669 Joseph
1654 2614 1710 2657 ab
1729 2613 2006 2656 Arimathaea

316 2684 556 2739 „duplex
588 2685 913 2728 vinculum''
946 2684 1092 2729 solvit.
1126 2685 1225 2728 Non
1253 2685 1369 2728 enim
1406 2685 1542 2736 „duo
1574 2684 2006 2739 vincula”scrip-

311 2757 400 2798 tum
436 2756 625 2811 legimus
647 2756 727 2799 sed
764 2756 1004 2812 „duplex
1037 2756 1372 2799 vinculum’'.
1407 2755 1586 2812 Duplex
1608 2763 1753 2799 autem
1778 2754 2003 2798 vinculum

312 2826 507 2869 indicare
550 2828 697 2881 potest
738 2830 974 2882 utrumque
1015 2827 1257 2878 vinculum,
1290 2829 1377 2870 tam
1412 2839 1621 2870 manuum
1654 2826 1834 2870 duobus
1866 2826 2004 2869 clavis

366 2975 392 3020 ¹)
415 2977 446 3024 J.
473 2978 767 3023 Knabenbauer‚
794 2980 829 3014 in
858 2980 994 3016 Matth.
1020 2978 1173 3023 XXVH,
1198 2980 1255 3023 35,
1282 2989 1317 3024 p.
1343 2980 1408 3015 321
1427 2989 1496 3024 sq..

365 3033 393 3079 ²)
421 3035 503 3072 Par.
528 3035 628 3080 XIX,
657 3038 739 3081 177;
767 3038 816 3073 cf.
843 3049 878 3074 n.
904 3040 960 3074 77.
1210 3037 1240 3082 ⁴)
1267 3037 1351 3074 Par.
1376 3036 1475 3081 XlX,
1501 3038 1542 3073 31
1561 3035 1600 3081 †.

362 3091 393 3137 ³)
420 3093 503 3130 Par.
529 3093 628 3139 XIX,
654 3097 712 3132 31.
