2180 3606
80 2571 133 2614 N.
160 2571 229 2615 93.

1120 195 1200 238 158

311 319 434 363 Talis
452 324 595 364 autem
617 323 749 377 huJ'us
768 324 974 366 vocabuli
995 324 1261 379 significatio
1281 326 1323 367 In
1343 325 1604 381 Paraphrasi
1620 339 1708 369 non
1723 329 1908 371 habetur
1920 330 2004 373 nisi

356 400 439 437 Par.
466 401 564 446 XIX,
590 404 635 440 9:
1111 401 1182 439 ἐπὶ
1208 405 1315 451 χροῒ
1335 404 1478 440 πέπλα
1505 405 1720 451 βαλόντες

569 475 633 509 10:
685 473 897 518 Σιδονίης
921 473 1163 518 στίλβοντα
1198 479 1348 521 σοφῷ
1383 478 1656 523 σπινθῆρι
1691 477 2004 524 θαλάσσης,

358 544 444 580 103:
483 532 536 586 ἦν
563 542 615 577 δὲ
640 547 789 589 σοφῷ
815 542 1048 590 καλάμῳ
1074 544 1402 589 τετυπωμένον·
1429 536 1561 591 οὗτος
1582 542 1752 592 Ἰησοῦς
1777 553 1862 586 cet..

308 614 421 657 Tum
466 615 596 658 latius
640 618 759 670 patet
801 625 953 671 σοφός,
998 618 1056 660 ita
1099 620 1144 661 ut
1186 619 1354 661 valeat:
1401 621 1626 674 „sapiens,
1674 621 1916 675 prudens'',
1961 625 2008 665 ut

308 684 401 727 Par.
436 685 462 736 I,
501 686 604 738 161;
639 685 706 738 IX,
745 688 848 739 163;

352 766 451 811 XIX,
476 769 545 804 39:
595 769 669 802 καὶ
696 767 866 813 σοφὸς
893 765 951 814 ὡς
978 767 1086 805 κλύε
1112 773 1249 805 τοῦτο
1276 769 1620 816 δικασπόλος
1646 767 1830 818 ἕτρεμεν
1856 770 1979 821 ἀνὴρ.

305 837 379 882 SIc
397 839 492 882 Par.
512 840 574 891 III,
602 841 705 883 162:
730 841 812 892 VII,
835 842 916 893 65;
944 842 1026 885 135
1051 846 1188 891 σοφία
1212 844 1432 898 sapientia
1455 845 1534 886 est.
1559 843 1734 887 Deinde
1758 846 2002 900 significat:

307 911 467 961 „bonis
494 912 695 955 moribus
718 913 960 967 praeditus,
985 914 1117 956 bonis
1141 915 1340 957 moribus
1364 917 1708 967 consentaneus,
1732 917 1848 970 pius,
1871 928 2002 960 sanc-

303 980 417 1032 tus”,
451 983 497 1023 ut
529 980 624 1024 Par.
653 982 680 1034 I,
703 982 783 1034 89;
822 984 925 1035 157;
965 985 1069 1036 178;
1104 984 1298 1036 111,114;
1336 985 1442 1036 132;
1477 985 1542 1036 IV,
1571 986 1675 1037 110;
1709 986 1818 1038 233;
1850 987 1897 1038 V,
1921 988 2002 1039 40;

302 1050 384 1103 VII,
416 1053 496 1104 42;
529 1053 608 1104 44;
642 1054 721 1105 76;
759 1055 863 1106 16Ο;
897 1054 997 1107 VIII,
1036 1056 1141 1107 105;
1175 1055 1243 1107 XI,
1282 1056 1386 1107 145;
1420 1055 1505 1104 XII,
1528 1056 1608 1108 73;
1641 1056 1719 1108 93;
1758 1058 1862 1110 131;
1897 1058 2000 1111 ΧΙΙΙ,

301 1123 380 1175 71;
413 1122 520 1176 XIV,
553 1124 633 1176 25;
665 1125 744 1177 91;
777 1125 866 1178 XV,
905 1127 979 1179 16;
1013 1125 1119 1178 XVI,
1158 1127 1261 1178 103;
1294 1127 1417 1177 XVII,
1450 1127 1530 1178 89;

301 1203 384 1240 Par.
411 1204 540 1248 XVIII,
566 1206 631 1242 94:
658 1202 777 1251 ἀμφὶ
808 1210 1010 1252 σοφῶν
1045 1204 1290 1254 ἑτάρων,
1322 1204 1399 1252 οὓς
1424 1208 1631 1254 κοίρανος
1657 1199 1750 1253 εἶχε
1775 1208 1999 1255 μαθητάς,

346 1286 415 1323 95:
464 1287 539 1321 καὶ
565 1288 755 1332 διδαχῆς
780 1284 914 1334 ὁσίης,
960 1281 1035 1322 ubi
1070 1281 1155 1323 hoc
1191 1281 1309 1323 haud
1345 1281 1511 1323 dictum
1547 1283 1614 1323 est
1646 1293 1725 1336 per
1758 1281 1999 1325 ludibrium

300 1348 481 1390 nomine
524 1347 676 1392 Annae
722 1350 961 1404 pontificis,
1005 1351 1086 1394 sed
1125 1352 1180 1394 de
1214 1363 1297 1394 suo
1332 1353 1621 1406 paraphrasta
1654 1352 1757 1407 pius
1791 1353 1998 1406 inseruit;

299 1416 407 1469 XIX,
444 1418 549 1470 1953
582 1419 689 1470 XXI,
723 1420 772 1472 5;
810 1421 904 1464 139.
938 1419 1012 1464 Sic
1045 1432 1183 1476 σοφία
1217 1424 1284 1465 est
1317 1423 1461 1477 pietas

345 1498 430 1535 Par.
455 1498 555 1543 XIX,
584 1502 672 1537 116:
699 1502 773 1535 καὶ
799 1502 999 1547 σοφίης
1024 1500 1305 1547 πλήθοντι
1331 1501 1439 1546 θεὸς
1455 1500 1591 1537 πάλιν
1609 1497 1763 1538 ἔννεπε
1790 1502 1998 1550 Πέτρῳ.

298 1569 505 1625 Denique
554 1572 715 1615 dicitur
756 1574 811 1616 de
854 1575 1001 1628 rebus,
1047 1576 1192 1627 dictis,
1236 1575 1378 1626 factis,
1423 1578 1469 1618 ut
1511 1575 1759 1618 declaretur
1801 1588 1853 1619 ea
1896 1588 1997 1620 esse

299 1641 461 1684 idonea
503 1644 636 1696 atque
678 1646 971 1688 accomodata
1008 1647 1065 1689 ad
1100 1646 1158 1698 id,
1194 1647 1317 1701 quod
1350 1647 1453 1701 quis
1485 1646 1681 1689 indicare
1713 1647 1783 1689 vel
1819 1647 1993 1691 efficere

296 1712 402 1764 vult,
438 1715 484 1755 ut
515 1718 628 1755 Dion.
656 1718 732 1762 VII,
763 1721 850 1756 195:
920 1760 921 1763 Ἴ
1422 1718 1558 1765 τόξου

476 1783 564 1819 196:
616 1778 863 1826 ἑλκομένου
889 1781 1064 1829 ῥοίζησε
1090 1783 1282 1829 σοφὸν
1308 1782 1486 1830 βέλος
1511 1781 1651 1822 Εὔιον
1675 1783 1782 1831 ἠχώ,

344 1852 443 1897 XIX,
469 1855 562 1890 220:
611 1854 686 1888 καὶ
712 1853 851 1899 ποδὸς
876 1851 1131 1901 εύρύθμοιο
1158 1854 1301 1901 σοφὴν
1328 1852 1613 1903 ἀνεσείρασεν
1639 1853 1794 1903 ὁρμήν.

298 1924 371 1969 Sic
405 1928 588 1981 saepius
621 1935 772 1982 σοφός,
806 1928 861 1970 de
896 1928 1029 1971 rebus
1062 1927 1226 1972 Christi
1259 1929 1441 1980 dictum,
1475 1931 1717 1985 significat:
1754 1933 1914 1985 „aptus
1936 1931 1993 1973 ad

297 2009 413 2052 opus
447 1999 648 2041 mirabile
681 1999 950 2052 faciendum,
984 2001 1164 2053 mirus”,
1199 2003 1244 2044 ut
1276 1999 1371 2043 Par.
1396 2000 1462 2053 IV,
1484 2002 1565 2053 41;
1595 2001 1660 2053 VI,
1689 2002 1784 2052 135,
1807 2001 1890 2053 VII,
1918 2002 1993 2053 15;

296 2068 363 2120 IX,
397 2069 476 2120 59;
509 2069 594 2120 ΧΙΙ,
632 2070 737 2121 119;
775 2071 878 2122 145;

343 2149 426 2186 Par.
451 2149 551 2194 XIV,
576 2152 645 2187 45:
671 2148 712 2185 εἰ
737 2149 799 2195 μὴ
825 2147 927 2194 ἐμοὶ
952 2152 1187 2193 πείθεσθε,
1215 2155 1430 2197 σοφοῖς
1455 2149 1722 2188 πιστεύσατε
1745 2149 1934 2197 μούνοις

341 2233 409 2269 46;
459 2227 660 2278 ἔργοις
698 2229 994 2279 ἡμετέροισιν.
1038 2225 1187 2279 Itaque
1231 2226 1355 2268 salva
1396 2237 1574 2280 semper
1615 2227 1656 2268 vi
1700 2238 1751 2268 ac
1785 2226 1992 2268 notione:

297 2294 469 2347 „aptus,
503 2293 716 2348 perItus’',
748 2295 1018 2338 vocabulum
1052 2304 1191 2350 σοφός
1224 2296 1355 2339 latius
1388 2299 1520 2351 patet,
1556 2299 1601 2339 ut
1624 2297 1790 2339 indicet
1812 2296 1994 2351 quales-

296 2375 473 2418 cunque
506 2365 712 2408 homines
743 2366 812 2408 vel
848 2367 995 2421 ipsum
1030 2366 1174 2410 Deum
1205 2368 1405 2423 cujusvis
1428 2368 1488 2410 rei
1513 2369 1680 2423 peritos
1703 2369 1746 2410 et
1767 2368 1994 2422 quaslibet

295 2445 364 2476 res
398 2435 531 2477 rebus
565 2437 843 2490 quibuslibet
876 2440 1017 2492 aptas,

336 2568 659 2621 Ἀεσίφρων
685 2597 728 2603 -
754 2575 1071 2624 παρήορος.

350 2647 447 2689 Vox
490 2654 516 2691 ἀ
532 2668 552 2692 ε
567 2658 623 2692 σι’
639 2671 671 2703 φ
686 2671 711 2706 ρ
727 2671 762 2694 ω
777 2672 802 2695 ν
843 2653 1080 2705 usurpatur
1111 2651 1166 2693 de
1200 2663 1267 2702 eo,
1302 2652 1377 2705 qui
1413 2653 1557 2693 mente
1591 2652 1749 2705 captus
1782 2652 1862 2703 est,
1894 2651 1991 2694 sive

293 2717 489 2769 stultitia,
533 2720 779 2773 cupiditate
818 2724 1098 2773 occaecatus,
1131 2723 1247 2764 sicut
1287 2722 1342 2764 de
1387 2721 1624 2775 Eurytione
1667 2721 1827 2764 dicitur
1869 2721 1989 2776 apud

293 2787 546 2840 Homerum,
583 2794 655 2831 Od.
682 2794 782 2840 XXI,
810 2798 900 2833 297:
952 2808 1024 2842 φρ
1041 2795 1175 2840 ένας
1213 2793 1396 2831 ἄασεν
1434 2793 1592 2841 οἴνῳ,

337 2865 425 2900 301:
806 2861 830 2899 ὁ
865 2864 929 2900 δὲ
965 2867 1183 2912 φρεσὶν
1217 2855 1352 2911 ᾗσιν
1386 2863 1645 2911 ἀασθεὶς

338 2936 429 2971 302;
475 2932 568 2979 ἤιεν
597 2932 649 2980 ἣν
674 2933 782 2980 ἄτην
808 2932 952 2980 ὀχέων
979 2933 1305 2983 ἀεσίφρονι
1331 2939 1517 2983 θυμῷ.

294 3003 457 3048 Contra
490 3008 624 3050 homo
660 3009 857 3063 prudens
891 3011 932 3052 et
965 3011 1148 3064 sapiens
1180 3010 1340 3052 dicitur
1370 3014 1574 3064 ἔμπεδος,
1609 3012 1655 3052 ut

339 3087 376 3123 ΙΙ.
403 3086 487 3132 ΧΧ,
517 3090 601 3125 183;
654 3085 679 3123 ὅ
705 3083 947 3134 δ’ἔμπεδος
967 3085 1068 3125 οὐδ’
1099 3087 1126 3125 ἀ
1141 3101 1162 3125 ε
1177 3090 1278 3135 σίφ
1294 3102 1319 3136 ρ
1334 3102 1370 3124 ω
1385 3102 1423 3130 ν,
1457 3081 1482 3123 i.
1503 3091 1538 3123 e.
1573 3080 1684 3123 firmi
1718 3079 1909 3131 consilii,
1943 3081 1990 3122 ut
