2180 3606
1147 186 1227 229 128

523 316 610 352 118;
660 314 903 358 θεσπεσίην
929 310 1100 358 ἐσθῆτα
1126 313 1362 359 θεηγενέος
1389 316 1602 360 βασιλῆος

524 386 610 422 119;
662 381 894 426 ἱστάμενοι
922 381 1148 419 δάσσαντο
1174 385 1248 419 καὶ
1275 383 1511 430 αἰγλήεντα
1536 387 1720 429 χιτῶνα,

523 457 610 492 120:
660 450 782 498 ὅστις
807 449 911 498 ὅλος
936 455 1009 489 καὶ
1037 451 1235 501 ὕπερθεν
1261 451 1377 498 ὁμοῦ
1403 457 1477 491 καὶ
1505 451 1663 502 ε”νερθε
1690 459 1856 502 φορῆος

524 528 582 562 121
603 538 610 562 :
662 522 861 571 ἄρραφος
887 514 963 569 ἦεν
989 520 1187 570 ὑφαντὸς
1213 521 1282 560 ἀπ’
1314 523 1501 571 αὐχένος
1527 525 1588 570 εἰς
1615 525 1763 572 σφυρὰ
1790 523 1949 570 λήγων.

524 598 610 632 122:
661 592 872 639 ἀλλήλοις
899 590 1128 642 δ’ὀάριζον
1154 591 1431 642 ὁμοφθόγγῳ
1457 597 1546 631 τινὶ
1573 594 1725 642 μύθῳ·

522 668 610 703 123:
660 662 820 700 οἴνοπα
846 663 907 710 μὴ
933 666 1162 710 σχίζοιμεν
1190 663 1336 711 ἀήθεα
1362 665 1494 703 τόνδε
1522 670 1692 711 χιτῶνα

523 739 610 774 124;
661 734 893 777 θέσκελον,
922 733 1207 782 ἁμφιέποντα
1233 734 1373 773 τύπον
1400 736 1540 783 ξένον,
1569 733 1665 773 ἀλλ’
1697 733 1805 784 ὑπὲρ
1833 734 1974 772 αὐτοῦ

522 809 611 844 125:
662 805 865 841 δάκτυλοι
890 805 1038 853 χειρὸς
1064 804 1252 852 ἀφέντες
1278 804 1470 853 ἑκηβόλα
1496 806 1702 853 σύμβολα
1729 808 1850 853 νίκης

523 879 611 914 126;
662 878 821 923 λαχμῷ
846 875 1007 922 πάντες
1033 875 1214 922 ἴδοιμεν
1240 875 1453 925 ἀδηρίτῳ,
1482 879 1602 923 τίνος
1629 874 1766 914 ἔσται·

523 950 611 985 127:
661 944 780 993 ὄφρα
805 958 854 982 κε
879 949 1030 992 μῦθος
1056 944 1223 993 ἐκεῖνος
1249 945 1466 994 ἐτήτυμος
1492 946 1659 994 ὄψιμος
1685 947 1765 994 εἴη,

523 1020 614 1056 128:
665 1016 717 1054 ὃν
742 1016 910 1065 κιθάρῃ
936 1017 1176 1061 ψάλλουσα
1203 1018 1420 1065 θεηγόρος
1447 1015 1599 1056 ἔννεπε
1625 1018 1787 1066 μολπή·

523 1091 611 1127 129;
661 1086 869 1139 ἡμέτεροι
896 1090 1146 1135 δασπλῆτες
1172 1086 1238 1125 ἐπ’
1270 1088 1505 1135 ἀλλήλοισι
1532 1093 1694 1137 φονῆες

524 1163 612 1198 1303
663 1158 789 1206 ξυνοὶ
816 1157 1114 1208 ἁμιλλητήρες
1140 1158 1275 1207 ἐμοὺς
1303 1160 1529 1198 δάσσαντο
1555 1166 1748 1208 χιτῶνας

524 1234 584 1269 131
605 1244 613 1269 :
662 1232 737 1266 καὶ
762 1229 952 1278 κλήρους
979 1229 1197 1277 ἐβάλοντο
1225 1234 1506 1280 φιλοχλαίνῳ
1533 1234 1622 1270 τινὶ
1648 1235 1822 1281 λαχμῷ,

524 1303 612 1340 132;
662 1298 875 1349 ἡμετέρης
900 1299 1092 1347 ἐσθῆτος
1118 1298 1200 1348 ἕως
1226 1300 1431 1348 ἐγένοντο
1459 1306 1635 1351 φορῆες.

523 1374 612 1410 133:
661 1373 736 1407 καὶ
755 1372 809 1407 τὰ
825 1371 909 1416 μὲν
928 1368 1032 1419 ἔργα
1047 1371 1253 1409 τέλεσσεν
1269 1371 1563 1420 ἀθεσμοβίων
1582 1374 1770 1422 στρατὸς
1789 1372 1969 1422 ἀνδρῶν
1990 1375 2031 1420 “).

394 1469 484 1512 Has
518 1470 665 1512 vestes
694 1468 888 1523 Joannes
922 1475 983 1521 ὶμ
999 1476 1026 1513 ά
1041 1490 1065 1513 τ
1082 1491 1096 1513 ι
1111 1491 1151 1519 α,
1180 1476 1243 1523 ὶμ
1258 1492 1285 1514 α
1301 1491 1323 1515 τ
1342 1492 1356 1514 ι
1371 1479 1520 1523 σμόν
1539 1480 1567 1525 ’)
1601 1474 1731 1515 vocat
1762 1473 1787 1515 i.
1809 1485 1844 1516 e.
1868 1474 2030 1522 vestes,

334 1540 555 1583 vestitum.
579 1539 752 1582 Tunica
775 1541 919 1582 autem
945 1540 988 1581 in
1013 1541 1246 1595 evangelio
1267 1549 1439 1595 χιτών
1462 1540 1678 1597 dicitur³).
1704 1543 1748 1586 ln
1768 1542 2030 1598 Paraphrasi

336 1611 540 1666 leguntur
576 1611 758 1652 nomina
796 1614 977 1665 ἐσθής,
1004 1618 1191 1665 χιτών,
1220 1620 1606 1667 φιλόχλαινος.
1641 1614 1807 1657 Horum
1842 1615 2030 1669 primurn

336 1681 501 1724 indicat
534 1682 739 1723 universe
772 1682 994 1733 vestitum,
1018 1683 1134 1724 sicut
1157 1681 1252 1724 Par.
1276 1682 1384 1734 XIX,
1414 1683 1495 1726 118
1518 1686 1559 1726 et
1586 1685 1691 1735 132;
1725 1685 1804 1728 sed
1829 1684 2032 1740 singulae

334 1754 482 1795 vestes
530 1763 583 1794 eo
632 1763 860 1806 nunquam
909 1753 1227 1808 significantur.
1277 1753 1446 1796 Tamen
1495 1758 1577 1796 Par.
1612 1758 1711 1804 XIX,
1745 1762 1812 1797 23:
1852 1756 1871 1794 ε’
1887 1756 2034 1804 σθής

336 1823 495 1865 dicitur
527 1834 550 1865 c
569 1823 595 1865 h
615 1822 670 1865 la
688 1835 728 1865 m
747 1835 774 1877 y
791 1834 812 1866 s
846 1835 868 1866 c
888 1835 914 1866 o
934 1835 956 1866 c
977 1836 999 1866 c
1019 1825 1029 1865 i
1051 1837 1077 1866 n
1097 1836 1119 1866 e
1138 1836 1175 1875 a,
1211 1836 1344 1879 quam
1379 1825 1541 1869 milites
1575 1824 1753 1870 Christo
1783 1826 2032 1869 induerunt.

335 1892 422 1937 Sed
468 1894 651 1936 forsitan
695 1893 883 1937 Nonnus
932 1895 1179 1938 meminerit
1219 1900 1355 1936 Matth.
1398 1899 1550 1944 XXVII,
1588 1902 1657 1938 28:
1696 1897 2033 1944 ἐκδύσαντες

336 1969 520 2009 αὐτὸν
545 1971 831 2018 χλαμύδα
864 1975 1154 2020 κοκκίνην
1179 1974 1562 2022 περιέθηκαν
1589 1972 1760 2023 αὐτῷ.
1794 1966 1895 2018 Quo
1915 1969 2034 2023 patet

337 2035 615 2090 chlamydem
659 2036 777 2078 illam
822 2048 999 2078 ornnem
1044 2035 1207 2080 Christi
1247 2037 1454 2079 vestitum
1499 2037 1651 2081 fuisse.
1696 2038 1815 2081 Voce
1847 2060 1903 2093 χι
1919 2046 2033 2083 τών

337 2107 506 2161 antiqui
549 2108 754 2150 auctores
798 2109 977 2150 utuntur
1014 2120 1114 2151 cum
1149 2121 1229 2163 pro
1272 2109 1494 2151 tunica
1536 2111 1626 2152 tum
1661 2122 1742 2164 pro
1783 2110 2031 2153 vestitu

338 2175 635 2233 generatim⁴),
660 2178 704 2220 id
724 2178 845 2232 quod
865 2178 1054 2222 Nonnus
1072 2180 1267 2222 imitatus
1286 2181 1365 2222 est.
1390 2177 1462 2222 Sic
1487 2184 1570 2220 Par.
1588 2183 1688 2226 XIX,
1710 2186 1798 2221 123:
1824 2186 2033 2228 χιτῶνα

337 2250 586 2291 ‘tunicam
631 2249 753 2299 dixit,
797 2249 877 2291 sed
920 2265 954 2290 v.
986 2255 1073 2291 130:
1111 2256 1374 2298 χιτῶνας
1417 2247 1829 2305 vestimen135).
1865 2252 2032 2289 Φιλό-

336 2325 590 2369 χλαινος
622 2321 811 2363 occurrit
846 2336 878 2361 v.
910 2326 969 2361 131
988 2322 1029 2368 †.
1056 2325 1292 2359 Χλαῖνα
1332 2323 1477 2364 autem
1518 2324 1584 2364 est
1617 2322 1782 2364 laena
1814 2334 1839 2365 a
1870 2322 2031 2377 frigore

338 2394 505 2447 tegens,
540 2391 657 2434 unde
691 2391 850 2447 legitur

386 2472 498 2510 Dion.
517 2473 704 2517 XXXVII,
724 2474 813 2510 150:
841 2458 1001 2518 ἄνδρες
1019 2468 1293 2507 ἀεθλεύουσι
1320 2473 1694 2517 φιλοχλαίνου
1719 2474 1843 2520 περὶ
1868 2473 2031 2518 νίκης,

583 2544 672 2580 151:
705 2543 971 2589 χειμερίῳ
1005 2542 1339 2587 σφίγγοντες
1375 2540 1629 2578 ἀθαλπέα
1662 2547 1788 2589 γυῖα
1822 2547 2032 2589 χιτῶνι.

340 2613 428 2659 Sed
462 2616 563 2658 loco
596 2616 774 2658 laudato
820 2613 1041 2659 Christi
1085 2616 1334 2658 tunicam
1376 2627 1638 2669 χλαῖναν
1681 2617 1800 2668 dicit,
1834 2617 2032 2660 vocabu-

340 2687 480 2729 lorum
504 2698 850 2741 synonymorum
875 2687 1059 2729 alterum
1082 2687 1138 2729 ab
1162 2686 1298 2728 altero
1322 2699 1410 2728 non
1431 2686 1708 2732 discernens:
1733 2687 1855 2742 quod
1875 2688 2030 2729 mirum

341 2769 429 2799 non
474 2759 620 2812 potest
663 2768 776 2808 esse,
819 2758 856 2800 si
890 2757 1085 2799 animum
1119 2756 1323 2799 advertas
1355 2757 1412 2799 ad
1446 2769 1509 2808 ea,
1544 2770 1659 2812 quae
1694 2758 1811 2801 dicta
1842 2760 1945 2801 sunt
1977 2758 2030 2800 de

341 2828 530 2870 vocibus
564 2840 719 2871 servos
737 2825 768 2883 ὃ)
802 2834 843 2871 et
876 2829 1021 2870 crines
1039 2824 1071 2882 ⁷)
1105 2827 1475 2882 significantibus.

395 2967 420 3011 ')
449 2967 507 3005 Cf.
529 2969 585 3015 Jo.
609 2967 712 3013 XIX,
737 2970 783 3004 23
798 2974 867 3014 sq..
1052 2966 1079 3012 2)
1107 2967 1166 3004 Cf.
1193 2967 1254 3004 Ps.
1281 2966 1384 3012 XXI,
1415 2969 1467 3004 19.
1616 2966 1642 3011 ¹)
1665 2970 1723 3016 Jo.
1748 2968 1848 3014 XIX,
1875 2971 1931 3014 23,
1959 2971 2031 3007 bis.

392 3026 421 3070 ⁴)
449 3027 508 3064 Cf.
536 3029 675 3065 Aesch.
702 3027 836 3072 Suppl.
861 3027 954 3071 9033
981 3026 1099 3072 Soph.
1124 3026 1264 3063 Trach.
1288 3028 1381 3071 577;
1407 3027 1487 3064 609.

394 3084 422 3130 ⁵)
450 3085 508 3123 Cf.
537 3086 619 3123 Par.
645 3084 739 3130 Xlll,
767 3087 828 3130 19;
854 3087 910 3122 57.
1046 3083 1075 3129 ⁸)
1105 3084 1163 3122 Cf.
1190 3096 1226 3122 n.
1251 3085 1307 3122 86.
1611 3084 1638 3130 ⁷)
1666 3085 1724 3124 Cf.
1752 3098 1787 3124 n.
1812 3088 1869 3125 87.
