2180 3606
105 789 156 830 Ν.

186 789 225 836 5.

1118 162 1145 204 6

466 293 548 328 ΜΟε
599 288 725 336 ὴνὶδε
751 289 980 337 παρθένον
1008 282 1097 325 υἷα.
1123 291 1198 324 καὶ
1224 285 1417 333 ἔμπαλιν
1443 280 1536 324 εἷπε
1562 290 1759 335 μαθητῇ·

465 364 549 399 141;
599 358 726 406 ἠνὶδε
750 358 1013 407 παρθενική,
1041 358 1366 406 φιλοπάρθενε,
1395 364 1489 395 σεῖο
1516 363 1706 395 τεκοῦσα

466 434 550 469 142:
600 430 735 476 νόσφι
761 429 910 466 τόκου.
936 431 1081 475 κείνης
1107 429 1159 465 δέ
1185 430 1299 474 μετὰ
1326 429 1499 476 δρόμον
1526 426 1716 474 εὕποδος
1742 426 1856 476 ὥρης

462 504 548 540 143:
598 500 828 548 παρθένον
853 498 1050 536 εὐώδινα
1077 499 1310 537 συνέστιον
1336 497 1437 546 ἔσχε
1462 499 1668 546 μαθητὴς

466 576 548 610 144;
599 569 733 608 ἔνδον
759 569 836 607 ἑοῦ
862 570 1090 618 μεγάροιο·
1116 573 1191 607 καὶ
1217 569 1408 619 ἄσπορος
1435 568 1533 607 ἔσκε
1559 568 1770 616 τεκούσης

466 646 549 681 145:
602 640 709 687 υἱός,
737 639 847 689 ἀνὴρ
874 639 1131 688 ἀλόχευτος,
1159 639 1455 690 άπειρώδινος
1480 640 1671 687 ἀνάσσης
1691 641 1732 687 ¹).

348 785 480 836 Quod
514 787 569 829 ad
603 788 803 829 ornatum
838 787 1074 829 verborum
1108 787 1331 840 floresque
1364 787 1542 829 dicendi
1577 786 1743 837 attinet,
1778 786 1983 839 quamvis

287 858 355 900 his
399 857 523 908 locis,
558 858 724 911 quibus
758 858 902 912 agitur
935 857 990 900 de
1027 857 1181 908 Maria,
1216 858 1406 912 plurima
1439 858 1720 899 inveniantur
1752 858 1981 911 poetarum

287 940 420 978 more,
465 930 511 970 ut
546 928 682 983 aJunt,
716 929 923 983 epitheta,
959 929 1068 971 haec
1101 930 1247 970 tamen
1282 929 1431 971 omnia
1464 928 1508 970 id
1542 928 1733 970 maxime
1765 929 1983 981 spectant,

287 1001 332 1041 ut
375 999 561 1053 virginis
603 1000 753 1042 matris
798 997 961 1043 Christi
1010 1000 1268 1054 dignitatem
1310 1001 1443 1053 atque
1487 999 1702 1040 honorem
1745 997 1983 1052 explicent.

286 1069 412 1121 Nam,
452 1072 497 1112 ut
529 1070 727 1112 omittam
761 1082 917 1112 vocem
952 1079 1182 1123 συνέστιος
1208 1068 1243 1124 ²)
1276 1070 1396 1124 apud
1431 1071 1588 1124 poetas
1621 1069 1730 1112 satis
1764 1069 1984 1119 usitatam,

287 1142 431 1182 cetera
463 1141 519 1182 ad
552 1134 737 1183 Mariam
771 1142 867 1183 sive
899 1148 1120 1185 θεοτόκον
1152 1141 1248 1183 sive
1279 1148 1510 1196 παρθένον
1543 1140 1777 1194 pertinent.

346 1210 623 1253 Vocabulum
671 1213 832 1262 autem,
881 1223 972 1265 quo
1005 1211 1195 1253 Nonnus
1237 1211 1505 1266 significavit
1541 1211 1726 1253 Mariam
1766 1221 1866 1253 esse
1900 1208 1983 1251 Dei

288 1283 483 1332 matrem,
532 1284 599 1324 est
641 1290 928 1336 θεητόκος,
977 1283 1148 1337 quippe
1193 1293 1293 1324 cum
1326 1282 1510 1324 verbum
1544 1279 1828 1335 θεοτόκοςθ),
1861 1281 1984 1334 quod

287 1352 407 1406 apud
440 1353 682 1406 scriptores
713 1353 925 1407 frequens
958 1355 1037 1404 est,
1086 1355 1225 1395 metro
1258 1353 1478 1407 dactylico
1512 1353 1719 1395 carminis
1753 1363 1841 1394 non
1876 1363 1986 1394 con-

288 1424 473 1478 grueret.
497 1421 585 1466 Sed
610 1424 912 1478 nuncupando
936 1422 1098 1467 Christi
1124 1426 1305 1466 matrem
1328 1431 1549 1477 θεητόκον
1579 1448 1620 1453 -
1640 1424 1823 1466 adhibet
1839 1424 1985 1465 autem

289 1494 402 1536 hanc
435 1506 592 1536 vocem
624 1495 932 1537 tantummodo
967 1494 1021 1537 de
1059 1495 1200 1537 Maria
1233 1494 1370 1548 idque
1398 1497 1462 1536 ter
1482 1492 1518 1549 4)
1542 1517 1590 1523 —
1611 1495 1745 1536 utitur
1762 1493 1985 1536 vocabulo

288 1565 554 1619 scriptorum
588 1565 994 1608 ecclesiasticorum
1022 1567 1156 1620 atque
1178 1565 1432 1620 theologiae
1457 1565 1653 1620 proprio.
1686 1564 1844 1619 Neque
1868 1564 1985 1606 enim

288 1635 408 1688 apud
442 1637 646 1678 auctores
679 1635 892 1690 profanos
915 1648 1061 1690 neque
1090 1637 1133 1678 in
1157 1635 1444 1690 Dionysiaeis
1468 1636 1670 1678 occurrit.
1704 1633 1793 1678 Sed
1817 1635 1987 1689 primus

290 1703 508 1760 Origenes
527 1707 609 1748 hac
628 1718 738 1749 voce
759 1718 867 1749 usus
886 1718 985 1749 esse
1004 1707 1177 1749 dicitur.
1196 1706 1306 1748 Nam
1327 1704 1534 1749 Socrates
1553 1707 1596 1748 in
1616 1706 1810 1748 Historia
1833 1705 1989 1748 Eccle-

290 1776 470 1819 SiaStica
502 1777 630 1819 dicit:
666 1787 777 1831 „Kal
797 1781 1017 1833 ’.Ωριγένης
1044 1785 1095 1821 δὲ
1124 1782 1171 1821 έν
1190 1790 1252 1832 τῷ
1270 1784 1432 1833 πρώτῳ
1451 1784 1576 1832 τόμῳ
1594 1789 1685 1821 τῶν
1703 1784 1766 1830 εἰς
1783 1784 1862 1830 τὴν
1879 1785 1988 1832 πρὸς

283 1852 527 1900 Ῥωμαίους
541 1860 621 1892 τοῦ
636 1852 901 1892 ’Λποστόλου
916 1853 1167 1902 ἐπιστολήν,
1187 1853 1445 1903 ἑρμηνεύων
1462 1860 1554 1901 πῶς
1579 1855 1852 1901 θεοτόκος
1870 1855 1989 1902 λέγε-

290 1939 378 1967 ται,
405 1926 606 1972 πλατέως
635 1924 841 1973 figmata&
863 1918 907 1972 5).
941 1918 1056 1961 Tum
1089 1919 1307 1973 deinceps
1337 1919 1453 1961 idem
1477 1918 1748 1961 vocabulum
1773 1919 1988 1972 scriptum

291 1989 495 2032 videmus
518 1990 639 2044 apud
657 1989 955 2032 Alexandrum
975 1991 1240 2045 episcopum
1259 1989 1606 2032 Alexandrinum
1629 1987 1677 2044 ⁶),
1697 1990 1915 2044 Ephraem
1939 1988 1989 2043 ⁷),

293 2058 557 2103 Cassianum
580 2058 630 2114 ⁸),
650 2059 862 2115 Cyrillum
881 2060 1228 2103 Alexandrinum
1251 2059 1300 2114 ⁹),
1320 2060 1599 2103 Vincentium
1619 2060 1891 2103 Lirinensem
1918 2059 1988 2115 ¹⁰).

291 2130 422 2185 Atqui
458 2132 568 2173 inter
603 2143 760 2174 omnes
794 2133 877 2174 hos
910 2132 1120 2174 convenit
1151 2132 1338 2173 Mariam
1372 2132 1621 2173 vocandam
1645 2142 1745 2174 esse
1767 2139 1990 2175 θεοτόκον

294 2204 527 2256 propterea
560 2203 696 2256 quod,
731 2205 776 2244 ut
808 2204 868 2245 ait
900 2201 1106 2257 Cyrillus,
1144 2210 1276 2256 ,Θεὸς
1290 2211 1374 2255 μὲν
1393 2208 1416 2245 ὁ
1438 2209 1578 2256 Λόγος
1596 2201 1661 2256 ἦν,
1681 2209 1831 2256 γέγονε
1850 2210 1901 2246 δὲ
1915 2212 1990 2246 καὶ

294 2279 545 2329 ἅνθρωπος·
579 2284 653 2318 καὶ
688 2280 842 2328 ἐπειδὴ
873 2282 1130 2328 γεγέννηται
1163 2283 1276 2318 κατὰ
1311 2281 1453 2329 σάρκα
1487 2282 1565 2317 διὰ
1598 2281 1650 2317 τὸ
1685 2279 1989 2328 ἀνθρώπινον,

293 2354 329 2387 θ
339 2364 359 2387 ε
370 2365 393 2387 ο
404 2365 427 2388 τ
438 2352 462 2388 ό
472 2366 497 2388 κ
507 2366 531 2389 ο
542 2367 562 2398 ς
581 2351 702 2389 ἐστιν
723 2351 972 2399 ἀναγκαίως
986 2351 1011 2399 ἡ
1025 2366 1126 2389 τεκο
1134 2358 1216 2389 ῦσα
1231 2351 1442 2389 αὐτόν.Ει“
1454 2354 1536 2400 γάρ
1547 2352 1607 2398 μὴ
1621 2352 1849 2398 γεγέννηκε
1863 2352 1989 2394 Θεόν,

293 2423 407 2468 μηδὲ
434 2424 636 2469 λεγέσθω
666 2424 773 2470 Θεὸς
800 2422 824 2460 ὁ
851 2422 897 2470 ἐξ
916 2422 1051 2472 αὐτῆς
1072 2426 1316 2470 γεννηθείς·
1340 2423 1379 2459 εἰ
1401 2423 1513 2460 Θεὸν
1533 2421 1671 2459 αὐτὸν
1690 2421 1991 2468 ὀνομάζουσιν

294 2492 340 2528 αἱ
366 2493 662 2531 θεόπνευστοι
688 2497 870 2543 γραφαί,
898 2493 957 2540 ὡς
978 2495 1090 2531 Θεὸν
1109 2493 1521 2542 ε’νανθρωπήσαντα
1539 2495 1616 2529 καὶ
1635 2493 1990 2541 σεσαρκωμένον,

295 2562 637 2612 ε’νανθρωπησαι
667 2566 718 2602 δέ
744 2557 797 2612 ἦν
815 2564 899 2612 οὐχ
918 2563 1090 2614 ἑτέρως,
1109 2565 1223 2611 πλὴν
1241 2563 1311 2602 ὅτι
1331 2566 1408 2601 διὰ
1426 2563 1667 2611 γεννήσεως
1685 2566 1761 2611 τῆς
1779 2562 1827 2600 ἐκ
1843 2577 1991 2610 γυναι-

350 2706 377 2751 ¹)
404 2707 463 2744 Cf.
485 2709 542 2755 Jo.
570 2709 666 2752 XlX,
693 2710 844 2745 25—27.
1039 2706 1068 2752 ⁴)
1096 2708 1179 2744 Par.
1207 2708 1246 2751 ll,
1273 2709 1314 2751 9;
1339 2708 1406 2751 66;
1433 2707 1531 2750 XIX,
1561 2708 1637 2743 135.

347 2765 375 2800 Β)
404 2767 461 2803 Cf.
488 2778 524 2803 n.
549 2768 605 2803 69.
1040 2765 1069 2811 ⁶)
1097 2768 1149 2803 M.
1176 2767 1216 2803 Ρ.
1244 2766 1289 2803 G.
1322 2767 1465 2810 LXVII,
1491 2767 1572 2810 812,
1599 2766 1643 2802 H.
1671 2766 1711 2802 E.
1739 2766 1814 2809 Vll,
1840 2767 1897 2802 32.

347 2824 376 2870 ³)
404 2826 463 2862 Cf.
490 2837 525 2862 n.
552 2828 609 2863 70.
1037 2824 1066 2870 ⁶)
1094 2827 1145 2862 M.
1173 2826 1213 2862 Ρ.
1240 2824 1286 2861 G.
1313 2826 1443 2868 XVlll,
1469 2826 1549 2861 568.

348 2883 377 2929 ⁷)
405 2885 609 2921 Assemani
645 2885 682 2921 S.
716 2885 756 2921 Ρ.
790 2886 835 2921 Ν.
863 2886 1052 2931 Ephraem
1089 2885 1174 2930 Syri
1209 2894 1327 2930 opera
1360 2885 1491 2920 omnia
1525 2893 1624 2928 quae
1659 2885 1803 2927 extant,
1841 2893 1992 2930 graece,

296 2947 458 2991 syriace,
484 2945 613 2987 latine,
638 2946 671 2988 3,
697 2946 777 2981 200.

348 3002 377 3047 ⁹)
404 3005 456 3040 M.
482 3004 522 3040 P.
550 3003 652 3047 L.⁴L,
680 3004 735 3039 31.

349 3062 378 3107 ⁹)
408 3063 460 3098 M.
488 3063 528 3099 Ρ.
555 3062 601 3100 G.
628 3063 775 3107 LXXV,
796 3064 905 3107 1400;
932 3063 1112 3106 LXXVII,
1141 3064 1201 3106 13;
1232 3063 1308 3098 176.
1458 3060 1503 3105 ¹⁰)
1530 3061 1581 3097 M.
1609 3061 1649 3097 Ρ.
1677 3062 1715 3098 L.
1742 3061 1781 3105 L,
1806 3061 1887 3097 658.
