2180 3606
1143 195 1201 238 90

325 328 503 370 laudato
527 328 731 370 codicum
755 327 810 368 ad
836 337 972 368 unum
998 325 1195 367 omnium
1221 324 1351 367 lectio
1375 324 1701 367 contemnenda
1719 324 1788 374 sit,
1807 324 2013 379 equidem

325 410 413 441 non
457 398 605 441 video.
648 396 780 448 Quod
819 397 972 439 attinet
1004 396 1059 438 ad
1093 397 1354 438 structuram
1389 396 1622 438 verborum
1655 415 1691 441 v.
1717 405 1784 441 22:
1811 411 2015 447 μεσσο-

325 477 511 523 φανὴς
548 498 594 503 —
632 490 667 515 v.
705 481 772 514 23:
810 475 1067 519 πέμπων,
1111 466 1316 508 videntur
1357 467 1463 508 mihi
1509 477 1608 508 esse
1646 465 1910 520 subjectum,
1944 466 2013 508 cui

324 541 657 596 adjungendum
697 541 815 581 esset
846 538 1148 593 praedicatum
1182 557 1217 583 v.
1243 548 1310 583 24:
1337 544 1552 591 σελάγιςέ.
1585 533 1673 579 Sed
1709 538 1811 590 post
1832 536 2013 578 verbum

324 620 547 664 πέμπων
574 611 757 653 alterum
782 609 1031 664 subjectum
1057 610 1216 663 poetae
1240 609 1359 650 venit
1382 608 1425 650 in
1450 610 1654 658 mentem,
1679 607 1737 649 ita
1761 609 1806 649 ut
1827 623 2016 659 μέσσο-

325 690 512 736 φανὴς
548 687 770 734 λύχνος
811 682 892 722 cet.
935 679 1071 722 verbo
1117 679 1373 733 privaretur.
1419 678 1679 733 Exemplum
1724 677 1863 720 habes
1895 677 2014 732 apud

326 752 622 794 Herodotum:
657 758 763 805 ἁλὴς
788 757 1003 805 γενομένη
1029 762 1182 794 πᾶσα
1219 756 1244 804 ὴ
1277 754 1480 803 Ἑλλὰς
1505 759 1637 804 χεὶρ
1663 755 1890 802 μεγάλη
1917 765 2016 793 συν-

323 831 475 877 άγεται
504 832 545 877 ¹),
579 822 698 877 apud
733 821 988 876 Euripidem
1006 818 1053 875 ²),
1086 819 1429 875 Xenophontem
1446 817 1492 874 ³).

383 893 588 948 Denique
613 894 726 936 hanc
751 892 1002 947 lampadem
1025 892 1149 934 faber
1167 891 1455 946 conglobavit
1471 891 1513 932 in
1533 890 1757 933 stellarum
1778 890 2014 946 imaginem

326 966 366 1006 et
398 965 440 1006 in
475 976 564 1006 rem
598 963 789 1007 similem
821 963 950 1006 coelo
983 962 1236 1017 splendenti

371 1045 452 1082 Par.
479 1046 609 1089 xvnl,
635 1046 703 1082 20:
1269 1041 1411 1089 γέρων
1436 1040 1698 1077 κυκλώσατο
1724 1040 1892 1077 τέκτων

632 1118 672 1152 21
692 1128 713 1153 :³
751 1112 1021 1161 ἀστερόεν
1050 1114 1269 1159 μίμημα
1294 1114 1384 1149 καὶ
1410 1110 1628 1148 εἴκελον
1654 1109 1770 1157 ὀξέι
1794 1111 1992 1158 κόσμῳ.

324 1193 484 1236 Mirum
527 1194 571 1236 in
616 1194 796 1236 modum
840 1193 1029 1236 Nonnus
1071 1193 1282 1235 laternam
1318 1193 1550 1246 comparat
1582 1204 1681 1234 cum
1715 1191 1843 1234 coelo
1875 1191 2017 1234 stellis

323 1265 533 1307 distincto
567 1266 608 1307 et
640 1266 808 1315 ornato,
843 1266 1078 1319 propterea
1111 1264 1233 1318 quod
1268 1276 1346 1319 per
1379 1263 1573 1306 fiscellae
1607 1263 1822 1305 foramina
1855 1263 2019 1305 micant

324 1336 529 1378 lucernae
563 1335 671 1378 radii
707 1335 835 1389 quasi
870 1347 892 1377 e
916 1335 1099 1377 totidem
1124 1334 1265 1377 stellis
1289 1334 1456 1377 emissi.
1490 1333 1659 1376 Tamen
1683 1334 2016 1388 paraphrastam

322 1406 635 1450 Anaximandri
681 1406 943 1461 placitorum
989 1417 1227 1448 memorem
1271 1406 1380 1448 haec
1418 1406 1671 1460 scripsisse,
1705 1417 1794 1447 non
1827 1406 1908 1455 est,
1941 1416 2017 1447 cur

323 1479 642 1521 existimemus.
685 1477 990 1532 Philosophus
1031 1479 1176 1519 autem
1221 1477 1330 1519 haec
1374 1476 1624 1519 contendit:
1680 1484 1756 1530 „w'c
1790 1483 1841 1520 δὲ
1876 1481 2017 1531 ἄστρα

321 1552 528 1598 γίνεσθαι
563 1551 729 1588 κύκλον
766 1551 916 1598 πυρός,
957 1548 1262 1598 ἀποκριθέντα
1300 1555 1381 1587 τοῦ
1419 1550 1532 1586 κατὰ
1566 1549 1645 1586 τὸν
1670 1548 1840 1594 κόσμον
1865 1548 2016 1597 πυρός,

322 1622 659 1670 περιληφθέντα
674 1618 806 1659 ‹simi›
820 1620 961 1669 ἀέρος.
977 1619 1164 1667 ἐκπνοὰς
1178 1618 1416 1669 δ’ὑπάρξαι
1442 1620 1644 1668 πόρους
1669 1620 1824 1666 τινὰς
1851 1617 2017 1656 αὐλώ-

323 1696 453 1739 δεις,
480 1690 582 1729 καθ’
606 1690 683 1738 οὓς
702 1694 911 1739 φαίνεται
925 1693 980 1729 τὰ
996 1691 1159 1740 ἄστρα”
1177 1693 1221 1739 ⁴).
1244 1683 1423 1727 Verbis:
1447 1690 1667 1728 εἴκελον
1693 1689 1808 1737 ὀξέι
1833 1690 2016 1738 κόσμῳ

325 1763 581 1818 designatur
617 1762 783 1804 laterna
824 1762 985 1804 similis
1023 1761 1151 1804 coelo
1184 1760 1453 1816 splendenti.
1486 1760 1584 1803 Vox
1616 1761 1733 1802 enim
1765 1767 2016 1814 κόσμος·)

323 1831 423 1875 loco
466 1832 646 1876 laudato
690 1833 863 1876 coelum
907 1832 1141 1888 significat,
1187 1838 1313 1886 ὀξύς
1355 1833 1500 1874 autem
1544 1831 1599 1874 de
1632 1830 1756 1881 solis,
1790 1830 2015 1873 stellarum

324 1903 458 1946 radiis
506 1904 774 1947 micantibus
822 1903 994 1954 dicitur,
1044 1905 1090 1945 ut
1129 1903 1249 1958 apud
1293 1902 1554 1945 Homerum:
1597 1909 1794 1946 πέπτατο
1832 1905 2017 1956 δἀὐγὴ

323 1981 513 2029 ἠελίου
548 1981 756 2029 όξεῑαθ),
790 1975 911 2030 apud
935 1973 1236 2017 Plutarchum:
1271 1982 1491 2029 Σείριος
1516 1979 1643 2027 ὀξὺς
1669 1978 2016 2027 ἐλλάμπων’).

323 2045 471 2100 ltaque
505 2057 691 2089 necesse
725 2058 813 2089 non
847 2048 927 2098 est,
961 2057 1060 2088 cum
1095 2041 1358 2099 Ludwich⁸)
1391 2050 1484 2098 ὀξέι
1507 2044 1780 2098 corrigamus
1804 2043 1847 2085 in
1874 2049 2017 2097 ἤνοπι,

323 2128 468 2171 neque
492 2128 591 2160 cum
610 2114 826 2172 Tiedke⁹)
843 2124 997 2172 κόσμῳ
1016 2117 1059 2158 in
1078 2125 1232 2172 σι’σκῳ.
1255 2116 1367 2158 Nam
1390 2123 1597 2168 κόσμον
1620 2114 1909 2169 intelligimus
1928 2127 2016 2157 non
2076 2104 2079 2108 ’

323 2189 642 2240 ornamentum,
677 2190 723 2230 ut
754 2187 982 2239 Ludwich,
1017 2198 1162 2241 neque
1197 2186 1411 2229 mundum
1445 2186 1700 2229 universum
1724 2185 1803 2228 sed
1828 2185 2016 2228 coelum.

323 2258 552 2302 Praeterea
584 2260 628 2302 in
661 2259 948 2314 Dionysiacis
982 2257 1037 2300 de
1070 2257 1198 2300 coelo
1232 2257 1407 2301 stellato
1441 2256 1599 2299 eodem
1622 2256 1711 2299 fere
1735 2255 1870 2298 modo
1894 2255 2016 2298 Non-

323 2343 406 2374 nus
440 2331 636 2386 loquitur

370 2412 483 2448 Dion.
510 2413 550 2456 11,
578 2413 665 2449 188:
704 2412 779 2447 καὶ
803 2410 921 2458 πυρὰ
947 2409 1177 2446 πάντοθεν
1202 2400 1292 2454 ἦεν,
1320 2406 1414 2445 ἐπεὶ
1439 2407 1600 2454 φλόγες
1626 2405 1814 2453 αἴθοπες
1840 2404 2016 2454 ἄστρων

579 2484 666 2520 189:
704 2483 779 2518 καὶ
804 2479 953 2527 νύχιοι
978 2483 1230 2528 λαμπτῆρες
1256 2477 1519 2525 ἀκοιμήτοιο
1545 2476 1737 2523 Σελήνης

579 2555 667 2591 190:
706 2549 765 2598 ὡς
790 2551 946 2597 δαΐδες
971 2550 1215 2598 σελάγιζον.

376 2683 402 2728 1)
430 2684 517 2720 Hdt.
543 2684 618 2728 VII,
648 2686 724 2721 157.
1220 2682 1248 2728 ⁹)
1276 2682 1334 2720 Cf.
1359 2683 1444 2719 Eur.
1464 2683 1487 2718 1.
1507 2682 1551 2718 T.
1569 2682 1639 2719 695
1653 2692 1730 2728 sq.;
1749 2681 1816 2719 Ph.
1835 2683 1904 2719 283
1917 2692 2014 2727 sqq..

372 2741 401 2787 ⁸)
430 2744 525 2780 Xen.
551 2744 648 2780 Hell.
674 2744 734 2787 lV,
763 2745 793 2787 l,
818 2745 881 2787 245
909 2742 997 2789 Cyr.
1023 2743 1084 2786 vl,
1109 2744 1142 2787 3,
1168 2743 1207 2784 2;
1234 2742 1283 2778 cf.
1311 2741 1630 2778 Kiihner-Blass
1657 2741 1697 2785 11,
1723 2742 1745 2777 2
1770 2751 1806 2786 p.
1835 2742 1902 2778 108
1927 2751 1962 2777 n.
1980 2742 2014 2777 4.

372 2801 400 2845 ⁴)
429 2803 594 2848 Hyppol.
619 2802 702 2841 Rei.
730 2803 753 2846 1,
780 2803 812 2845 6,
840 2802 938 2839 Dox.
964 2803 1045 2846 559,
1070 2803 1128 2838 22.
1220 2800 1248 2844 ⁶)
1278 2801 1317 2837 ll.
1343 2801 1457 2844 XVll,
1483 2801 1546 2836 371
1568 2810 1638 2844 sq..

374 2859 402 2904 ⁶)
430 2861 488 2898 Cf.
514 2872 550 2898 n.
575 2862 632 2898 88.

374 2919 401 2964 ⁷)
428 2920 527 2956 Plut.
553 2921 649 2957 Mor.
669 2930 704 2965 p.
721 2921 791 2957 658
806 2920 865 2964 Β.;
885 2920 934 2957 cf.
954 2920 1113 2963 Emped.
1130 2920 1194 2964 65;
1216 2920 1374 2957 Hesiod.
1393 2918 1465 2964 Op.
1485 2919 1525 2962 11,
1543 2919 1588 2954 32
1606 2916 1728 2962 (4l2);
1746 2918 1855 2955 Pind.
1874 2917 1935 2954 Ol.
1956 2917 2012 2961 111,

322 2981 386 3021 25;
418 2979 543 3024 Apoll.
570 2979 637 3017 Rh.
665 2979 725 3022 lv,
754 2980 859 3022 1342;
889 2980 996 3023 1542;
1023 2979 1128 3015 Arat-
1155 2978 1298 3015 Phaen.
1323 2978 1412 3022 330;
1438 2978 1527 3020 471;
1561 2977 1610 3013 cf.
1632 2977 1721 3014 Hor.
1744 2977 1811 3022 Ep.
1831 2977 1854 3021 1,
1876 2977 2011 3020 10,17:

322 3039 445 3075 solem
471 3040 640 3074 acutum.
1220 3036 1250 3082 ⁸)
1278 3037 1475 3080 Ludwich,
1501 3035 1616 3073 Beitr.
1642 3046 1678 3081 p.
1707 3036 1783 3072 130.

374 3095 402 3140 ⁹)
429 3096 497 3135 Rh.
524 3097 624 3133 Mus.
651 3097 695 3133 N.
715 3097 753 3133 F.
778 3097 825 3133 33
840 3097 892 3141 B„
918 3097 1133 3141 Nonniana,
1159 3107 1195 3142 p.
1220 3097 1290 3133 533
1303 3106 1400 3141 sqq..
