2180 3606
1146 186 1228 228 150

121 313 173 356 Ν,
199 313 269 355 85,
334 310 612 357 Κατηφης
639 332 682 337 -
709 313 791 349 Par.
817 313 916 356 XXI,
945 315 1011 350 104
1025 312 1071 357 †;
1100 314 1212 350 Dion.
1240 315 1279 358 II,
1309 316 1392 358 112;
1419 316 1506 358 5443
1525 315 1573 350 cf.
1594 315 1666 351 Od.
1685 313 1820 358 XXIV,
1839 316 1906 352 432
1924 313 1966 360 †.

121 2401 174 2444 N.
200 2401 270 2444 86.

331 376 691 412 κατωπιόων
718 399 760 404 -—
788 378 871 414 Par.
899 379 996 421 XIX,
1022 380 1091 422 42;
1118 379 1200 422 XX,
1231 380 1283 415 13.

331 440 612 487 κατήφουν
639 465 681 469 -
709 443 757 478 cf.
786 444 824 479 11.
851 442 986 486 XXIV,
1014 442 1138 487 253†.

331 505 609 551 κατηφέω
636 528 678 532 -
706 507 755 542 cf.
782 508 820 543 II.
847 508 960 549 XXII,
987 509 1076 551 293;
1104 508 1177 545 Od.
1205 509 1302 550 XVI,
1329 510 1410 545 342.

331 572 626 616 κατηφείη
653 593 696 598 -
722 572 771 608 cf.
797 573 835 608 ΙΙ.
862 573 918 616 III,
944 575 1009 616 51;
1037 574 1134 617 XVI,
1161 574 1249 617 49&
1278 574 1390 617 XVII,
1418 575 1500 610 556.

333 642 495 686 Omnia
537 645 646 686 haec
679 645 899 687 vocabula
932 656 1110 699 semper
1142 645 1417 700 significant:
1454 646 1699 700 „pudore
1744 647 2027 697 suffusus,

333 715 670 768 probrosus,
703 716 873 769 pudore
908 715 1127 770 perfundi,
1162 716 1403 759 dedecus”.
1439 715 1511 759 Sic
1546 717 1704 771 legitur

379 795 451 832 Od.
476 794 612 839 XXIV,
637 797 729 832 432:
780 793 922 839 ἴομεν·
949 793 973 840 ἢ
999 797 1073 831 καὶ
1100 792 1251 831 ἔπειτα
1277 808 1343 831 κα
1359 808 1422 842 τη
1438 810 1469 841 φ
1486 796 1504 832 ἐ
1521 808 1539 832 ε
1556 809 1576 842 ς
1603 792 1815 841 ἐσσόμεθ’
1849 795 1933 833 ἀεί.

638 862 730 897 4333
779 859 901 905 λώβη
926 861 1008 907 γὰρ
1034 860 1145 896 τάδε
1170 857 1309 906 γ’ἑστὶ
1334 863 1409 896 καὶ
1435 858 1717 905 ἐσσομένοισι
1743 861 1993 903 πυθέσθαι,

378 925 491 962 Dion.
518 926 557 970 11,
586 927 673 963 109:
724 923 783 970 ὣς
809 925 986 971 φαμένη
1011 925 1243 962 πετάλοισι
1269 926 1414 972 νόθην
1439 925 1656 972 ποιήσατο
1681 927 1857 974 μίτρην,

584 993 672 1027 1103
722 992 797 1026 καὶ
822 993 994 1038 χλοερῷ
1022 992 1210 1038 ζωστῆρι
1236 991 1502 1027 κατέσκεπεν
1530 990 1697 1037 ἄντυγα
1723 991 1868 1035 μαζοῦ

585 1058 672 1093 1113
724 1055 954 1102 αἰδομένη,
981 1058 1055 1092 καὶ
1081 1056 1225 1103 μηρὸν
1251 1054 1597 1102 ε’πεσφηκώσατο
1623 1061 1764 1104 μηρῷ”

584 1123 672 1159 112:
696 1138 704 1142 ·
723 1118 748 1166 ἡ
774 1120 825 1157 δέ
851 1135 931 1166 μιν
957 1121 1203 1169 εἰσορόωσα
1228 1121 1499 1168 κατηφέα
1526 1121 1689 1169 ῥήξατο
1716 1120 1931 1168 φωνήν·

584 1189 672 1224 1133
724 1187 990 1233 ,παρθενίης
1016 1183 1221 1233 ἔμφυλον
1248 1184 1336 1232 ἔχω
1363 1187 1521 1233 φόβον,
1549 1185 1647 1223 ὅττι
1673 1189 1748 1223 καὶ
1775 1185 1888 1233 αὐτὴ

584 1254 672 1289 1143
723 1248 770 1287 ἐκ
795 1251 970 1297 Δάφνης
994 1257 1177 1298 γεγαυῖα
1205 1252 1443 1297 διώκομαι,
1471 1245 1545 1288 οἶα
1571 1265 1620 1288 τε
1646 1251 1813 1298 Δάφνη,

378 1316 491 1354 Dion.
514 1317 553 1360 II,
578 1319 671 1354 544:
717 1312 891 1352 Ἠέλιον
920 1320 1084 1363 Τιτῆνα
1109 1330 1176 1353 κα
1192 1330 1302 1363 τηφ
1318 1317 1337 1353 ἑ
1355 1331 1369 1353 ι
1396 1319 1575 1354 λίσσετο
1602 1331 1634 1363 φ
1651 1322 1780 1364 ωνῇ.

330 1386 477 1438 Quare
518 1390 721 1432 assentiri
766 1403 854 1432 non
898 1403 1083 1445 possum
1128 1392 1327 1442 Heinsio,
1372 1392 1447 1445 qui
1483 1391 1577 1434 Par.
1612 1391 1719 1443 XXI,
1757 1392 1840 1435 104
1878 1392 2028 1435 vertit:

332 1460 558 1511 „subtristi
592 1461 746 1504 voce''.
780 1461 936 1516 Neque
969 1463 1154 1505 admitto
1189 1475 1288 1505 cum
1323 1463 1480 1505 eodem
1515 1463 1775 1506 vertendum
1810 1475 1911 1506 esse

377 1541 461 1577 Par.
486 1540 586 1585 XIX,
611 1544 680 1579 42:
1047 1541 1376 1578 κατωπιόων
1412 1538 1535 1578 δ’ὲπὶ
1568 1544 1669 1590 γαίῃ

612 1615 679 1650 43:
716 1613 923 1659 κοίρανος
956 1610 1140 1657 ὄμματα
1173 1612 1292 1659 πῆξε,

331 1695 410 1739 per
440 1696 621 1728 vocem:
659 1686 847 1737 ‚‚m1tis'’.
881 1686 957 1729 Est
990 1687 1106 1729 enim
1141 1687 1210 1729 vis
1242 1687 1451 1730 vocabuli
1484 1694 1750 1732 κατωπιόων
1779 1699 1833 1738 „o
1853 1699 1875 1729 c
1895 1699 1921 1729 u
1942 1687 1953 1729 1
1974 1688 2026 1730 is

330 1753 395 1809 (in
428 1754 606 1811 terram)
639 1757 958 1808 demissis’'‚
995 1758 1184 1809 „vultu
1231 1758 1530 1801 demisso”.
1565 1755 1638 1801 Sic
1672 1760 1818 1800 autem
1852 1760 2027 1801 verten-

331 1828 436 1870 dum
470 1838 569 1870 esse
603 1828 658 1870 de
692 1826 884 1879 Christo,
919 1829 993 1882 qui
1028 1841 1053 1871 a
1086 1828 1228 1871 Pilato
1262 1830 1558 1885 interrogatus
1590 1831 1717 1880 tacet,
1751 1832 1837 1872 tam
1862 1831 2028 1871 certum

331 1901 410 1949 est,
453 1911 587 1953 quam
632 1900 754 1953 quod
798 1901 1109 1943 certissimum.
1143 1900 1234 1943 Nec
1268 1901 1415 1952 video,
1450 1901 1558 1955 quid
1592 1901 1752 1952 obstet,
1786 1901 2029 1955 quominus

331 1980 414 2016 Par.
441 1980 523 2024 XX,
552 1981 616 2016 13:
653 1978 965 2015 κατωπιόωντι
992 1979 1045 2015 δὲ
1072 1979 1230 2027 Πέτρῳ
1274 1971 1432 2014 iisdem
1476 1971 1626 2014 verbis
1669 1973 1882 2014 vertatur:
1924 1971 2030 2022 „de-

332 2041 483 2083 missis
525 2040 697 2083 oculis''
742 2053 846 2096 pro:
892 2041 1169 2095 „placidus'',
1214 2043 1335 2096 quod
1375 2041 1587 2085 Heinsius
1620 2043 1763 2084 vertit.
1797 2042 1892 2085 Nisi
1928 2042 2030 2096 quis

332 2112 553 2154 existimet
585 2112 827 2166 improprIe
860 2112 1069 2154 Nonnum
1103 2113 1188 2155 hoc
1222 2113 1445 2155 vocabulo
1474 2114 1550 2165 uti,
1575 2114 1634 2155 ita
1656 2115 1703 2155 ut
1725 2113 1826 2156 loco
1850 2113 2029 2156 laudato

332 2182 573 2237 significet:
619 2182 970 2234 „consideratus,
1015 2182 1241 2237 prudens'’
1285 2183 1378 2225 vel:
1421 2184 1744 2238 „perturbatus‚
1779 2186 2030 2226 commotus

332 2253 524 2296 animo’'.
558 2252 702 2308 Saepe
726 2255 843 2296 enim
867 2254 1122 2296 meditantis
1145 2256 1213 2297 est
1234 2254 1303 2296 vel
1329 2255 1568 2308 perturbati
1592 2255 1762 2297 vultum
1786 2254 2029 2297 demittere.

392 2394 459 2437 Ad
497 2396 832 2450 exprimendam
867 2396 1093 2438 notionem
1127 2396 1242 2438 servi
1276 2398 1351 2438 aut
1382 2396 1534 2438 famuli
1569 2395 1758 2439 Nonnus
1791 2396 1918 2450 plura
1951 2395 2030 2438 ad-

334 2466 457 2508 hibet
487 2466 721 2516 vocabula,
745 2477 807 2508 SC.
828 2473 1074 2521 διάκτορος,
1093 2477 1242 2520 θῆτες,
1262 2477 1424 2520 δμῶες,
1444 2473 1608 2517 ὀπάων,
1629 2475 1796 2523 λάτρις,
1816 2474 2032 2523 θεράπων

336 2548 588 2593 δρηστῆρες,
627 2542 967 2593 ὑποδρηστῆρες,
1000 2547 1178 2591 δοῦλος.
1216 2536 1312 2579 VOX
1344 2537 1543 2592 JOassnea
1584 2542 1901 2593 ὑπηρέτηςῑ)
1938 2538 1964 2580 1.
1993 2548 2030 2580 e.

337 2609 535 2651 minister
567 2609 610 2651 in
643 2607 906 2662 Paraphrasi
941 2620 1030 2650 non
1064 2608 1235 2663 legitur.

395 2686 709 2735 Διάκτορος,
743 2691 858 2733 quae
881 2690 969 2720 vox
991 2679 1112 2733 apud
1137 2681 1294 2733 poetas
1318 2680 1478 2722 usItata
1501 2682 1580 2730 est,
1605 2680 1785 2734 proprie
1808 2679 2030 2735 significat

337 2750 537 2792 nuntium
555 2747 603 2804 ²),
637 2750 798 2792 deinde
836 2750 1134 2803 „recentiores
1166 2751 1324 2804 poetae
1359 2749 1414 2792 de
1448 2750 1684 2804 quibusvis
1718 2750 1924 2792 dixerunt
1947 2750 2029 2792 mi-

338 2819 515 2863 nistris’'
532 2817 579 2874 ³).
614 2820 743 2863 Unde
777 2821 936 2875 legitur
967 2821 1181 2874 scriptum
1216 2824 1340 2870 Etym.
1367 2825 1418 2861 Μ.
1445 2835 1480 2869 ρ.
1507 2825 1587 2868 268,
1613 2826 1681 2861 21:
1710 2823 1840 2870 Παρὰ
1866 2822 1919 2859 δὲ
1937 2826 2033 2868 τοῖς

392 2964 417 3008 ¹)
441 2966 498 3012 Jo.
522 2965 653 3010 XVIII,
679 2967 723 3009 3;
754 2967 807 3002 18.

390 3022 418 3067 ⁹)
446 3023 503 3060 Cf.
531 3025 641 3060 Hom.
669 3025 707 3060 II.
734 3025 774 3067 II,
803 3025 887 3061 103:
915 3023 1110 3068 διάκτορος
1134 3021 1381 3068 ἀργειφόντης
1407 3024 1429 3059 ἰ.
1448 3033 1480 3059 e.
1509 3023 1682 3059 Hermes.

390 3080 419 3126 ⁸)
447 3082 667 3127 Stephanus
693 3085 731 3119 in
758 3083 875 3119 Thes.
901 3093 931 3119 S.
951 3094 986 3119 v.
1013 3081 1221 3126 διάκτορος.
