2180 3606
956 246 1013 288 69

200 376 386 428 Qualem
430 377 729 432 magistratum
769 375 954 418 Pontius
987 374 1154 417 Pilatus
1187 375 1228 416 in
1258 373 1427 429 Judaea
1458 371 1658 427 gesserit,
1692 382 1826 413 evan-

141 448 394 503 gelistarum
429 447 513 490 soli
546 446 797 489 Matthaeus
829 448 871 488 et
893 446 1033 488 Lucas
1057 447 1243 487 narrant.
1277 444 1452 498 Legitur
1474 442 1590 485 enim
1614 441 1825 495 scriptum

141 518 260 572 apud
273 518 564 560 Matthaeum:
583 523 797 570 δήσαντες
811 524 862 560 δὲ
878 521 1016 561 αὐτὸν
1030 522 1252 570 ἀπήγαγον
1260 525 1335 559 καὶ
1346 521 1611 569 παρέδωκαν
1623 520 1829 566 Πειλάτῳ

141 601 216 644 τῷ
242 594 490 642 ἠγέμονι
510 596 563 642 ¹)‚·
599 589 641 629 et
676 587 796 640 apud
831 586 1015 629 Lucam:
1059 591 1596 640 ἡγεμονεύοντος’)
1633 591 1830 627 Ποντίου

143 665 370 702 Πειλάτου
395 671 469 712 τῆς
491 663 711 711 Ἰουδαίας
728 665 772 711 ³).
804 657 904 699 Fuit
937 657 1068 711 igitur
1099 656 1266 699 Pilatus
1290 666 1471 710 praeses
1495 656 1536 697 et
1559 654 1829 708 procurator.

142 729 252 771 Nam
297 731 625 783 procuratorem
670 739 768 770 eum
806 728 1004 782 appellat
1034 726 1231 777 Tacitus,
1266 726 1340 780 qui
1375 726 1500 768 solus
1533 724 1829 768 Romanorum

143 798 364 844 Romanas
387 810 456 842 res
474 798 740 841 narrantium
760 797 887 840 Pilati
907 798 1175 840 mentionem
1194 796 1298 839 tacit
1316 797 1384 838 his
1401 795 1573 838 verbis:
1600 792 1831 846 „Christus

141 869 324 912 Tiberio
358 869 634 924 imperitante
668 880 746 922 per
788 870 1219 923 procuratorem
1264 865 1468 908 Pontium
1503 865 1690 907 Pilatum
1723 875 1832 918 sup-

143 940 279 994 plicio
311 940 513 982 adfectus
545 935 727 992 erat'’⁴).
760 937 814 980 At
835 938 1025 980 eundem
1045 937 1270 992 Josephus
1302 942 1543 990 ἡγεμόνα
1575 933 1770 989 appellat
1783 930 1831 987 ⁵).

143 1009 373 1053 Praeterea
405 1010 520 1052 idem
554 1009 611 1051 ab
645 1008 841 1051 Eusebio
875 1007 1036 1050 dicitur
1067 1013 1365 1062 ἐπίτροπος
1399 1007 1468 1049 his
1500 1006 1672 1049 verbis:
1708 1010 1833 1059 „slai-

142 1101 341 1137 τροπος
358 1089 387 1134 ²)
414 1093 488 1134 τῆς
510 1084 732 1132 Ἰουδαίας
758 1083 843 1122 ὑπὸ
872 1087 1076 1133 Τιβερίου
1101 1086 1374 1121 καθίσταται
1401 1086 1619 1129 Πιλᾶτος”
1636 1084 1680 1130 ⁶),
1710 1075 1832 1129 quod

143 1164 166 1193 e
192 1151 392 1206 Josepho
425 1151 649 1192 mutuatus
681 1145 810 1203 est⁷).
852 1146 942 1192 Sed
974 1154 1274 1203 ἐπίτροπος
1302 1157 1580 1202 Καίσαρος
1611 1148 1678 1188 est
1711 1158 1834 1200 pro-

144 1234 166 1263 c
179 1234 206 1263 u
220 1223 341 1263 rato
355 1233 374 1262 r
396 1219 432 1264 C
445 1232 503 1262 ae
516 1232 538 1262 s
551 1232 575 1262 a
589 1220 667 1261 ris
683 1216 729 1272 8).
753 1217 1054 1269 Quamobrem
1073 1217 1260 1260 Nonnus
1284 1229 1479 1271 quoque,
1503 1216 1833 1271 evangeliorum

143 1292 476 1346 synopticorum
501 1301 664 1346 gnarus
681 1287 728 1344 ⁹),
757 1288 944 1332 Pilatum
968 1290 1171 1331 nomine:
1204 1293 1498 1342 ἡγεμονεύς
1531 1283 1834 1341 insignivit¹⁰).

191 1367 467 1418 ’Όρχαμον
504 1361 634 1404 etiam
658 1372 757 1403 eum
780 1362 911 1402 vocat
932 1356 1073 1413 ter¹¹),
1107 1366 1453 1403 δικασπόλον
1488 1357 1625 1400 semel
1645 1354 1704 1411 12).
1740 1357 1834 1399 Hoc

144 1433 377 1487 posteriori
410 1430 633 1474 vocabulo
666 1429 792 1472 Pilati
824 1430 1074 1485 J‘urisdictio
1107 1429 1377 1484 designatur.
1412 1428 1540 1471 Unde
1568 1428 1834 1482 praetorium

144 1515 326 1557 quoque
358 1503 540 1545 dicitur:
573 1509 812 1555 θέσμιος
846 1506 1072 1555 ani-72¹⁸„
1098 1506 1265 1554 ἁγνὸν
1298 1505 1644 1553 ἁλεξικάκων
1678 1509 1836 1551 σῶμα

143 1583 459 1627 θεμιστων
481 1581 542 1626 ¹⁴).
564 1572 674 1614 Nam
699 1583 834 1614 voces
856 1577 1129 1624 θέσμιος,
1156 1576 1453 1623 θέμιστες
1484 1569 1540 1611 ad
1559 1569 1682 1623 leges
1703 1571 1836 1622 atque

142 1644 356 1699 judicium
392 1644 624 1698 pertinent,
659 1644 705 1685 ut
738 1644 857 1697 patet
900 1648 982 1685 Par.
1011 1650 1034 1692 1,
1059 1650 1127 1685 52:
1161 1644 1261 1684 ὅττι
1286 1646 1602 1689 θεμίστων

424 1732 492 1767 53:
532 1730 559 1773 β
574 1729 589 1763 ί
603 1730 630 1774 β
644 1730 671 1764 λ
685 1740 710 1763 ο
724 1741 749 1764 ν
774 1725 799 1763 ὅ
813 1730 840 1763 λ
855 1740 890 1762 ω
905 1740 928 1763 ν
954 1725 1128 1772 γενέτης
1154 1726 1232 1761 διὰ
1261 1724 1446 1770 Μωσὲος
1471 1721 1619 1760 ὤπασε
1646 1726 1755 1770 λαῷ,

301 1801 377 1845 VII,
406 1802 494 1837 189:
531 1800 606 1834 καὶ
631 1797 763 1845 χορὸς
786 1796 1023 1842 αντιάχησε
1050 1795 1481 1840 θεμιστοπόλων
1508 1795 1836 1842 Φαρισαίων·

144 1873 227 1909 Par.
247 1872 378 1909 XVIII,
409 1873 466 1907 151
488 1883 497 1906 :
535 1864 664 1913 ὑμεῖς
689 1872 853 1904 τοῦτον
879 1867 1049 1903 ἕλεσθε·
1074 1865 1521 1911 θεμιστοπόλοιο
1547 1865 1609 1901 δὲ
1634 1866 1838 1911 βίβλου

405 1942 493 1977 152;
531 1939 711 1986 κρίνατε
737 1936 983 1985 πατρῴοισι
1009 1937 1165 1982 νόμοις
1190 1939 1264 1972 καὶ
1291 1934 1483 1982 εθὴμονι
1509 1941 1660 1982 ποινῇ.

202 2026 413 2068 Heinsius
453 2025 583 2079 igitur
615 2025 740 2074 errat,
774 2035 875 2065 cum
909 2024 1058 2065 vertit:
1095 2025 1337 2074 „consueta
1369 2023 1498 2065 aula''
1533 2034 1613 2076 pro
1649 2022 1686 2076 „j
1709 2022 1837 2064 udi-

144 2097 281 2139 ciali
315 2095 471 2138 aula''
496 2092 563 2149 ¹³);
597 2097 640 2137 et
671 2106 828 2137 vocem
852 2101 1270 2147 θεμιστοπόλοις
1303 2093 1397 2135 Par.
1431 2093 1571 2144 XVIII,
1598 2093 1672 2135 151
1705 2105 1838 2136 voca-

144 2167 270 2209 bulo:
307 2164 590 2217 „sacrificus”
611 2177 691 2219 pro
717 2164 1175 2219 „legisperitus’'‚
1200 2175 1469 2217 quamquam
1489 2164 1648 2206 ceteris
1667 2164 1779 2206 locis
1792 2160 1837 2217 15)

145 2249 300 2280 vocem
334 2238 451 2278 recte
483 2236 623 2277 vertit.

204 2372 390 2414 Pilatum
432 2383 563 2426 porro
596 2371 785 2413 Nonnus
818 2382 907 2412 non
940 2371 1036 2412 sine
1071 2370 1382 2412 benevolentia
1415 2370 1606 2423 quadam
1642 2371 1838 2412 nominat

146 2455 292 2497 neque
336 2442 562 2496 expressis
605 2442 754 2484 verbis
797 2442 964 2483 indicat
1005 2453 1103 2483 eum
1139 2442 1181 2482 in
1216 2441 1348 2495 culpa
1381 2440 1532 2490 fuisse,
1567 2453 1836 2494 quamquam

197 2600 225 2645 ¹)
251 2601 387 2637 Matth.
413 2599 565 2643 XXVII,
590 2601 625 2636 2.
1043 2597 1073 2642 ⁶)
1099 2600 1151 2634 Μ.
1170 2599 1210 2635 P.
1225 2598 1271 2635 G.
1289 2598 1372 2642 XX,
1394 2599 1470 2642 108,
1489 2600 1628 2635 Euseb.
1648 2599 1691 2634 H.
1707 2599 1746 2634 Ε.
1767 2599 1789 2642 I,
1805 2600 1837 2634 9.

196 2658 225 2703 ⁹)
253 2661 312 2695 hs:
339 2657 657 2702 ἐπιτροπεύοντος.
1051 2656 1078 2701 ”)
1106 2658 1164 2694 Cf.
1187 2659 1267 2704 JOS.
1294 2658 1345 2693 Fl.
1373 2658 1414 2693 Β.
1437 2659 1468 2704 J.
1497 2658 1536 2701 ll,
1561 2659 1595 2701 9,
1621 2660 1654 2693 2.

195 2717 225 2762 ⁸)
253 2719 342 2754 Luc.
371 2718 426 2761 Ill,
455 2720 485 2753 1.
1046 2715 1076 2759 ¹¹)
1104 2716 1162 2752 Cf.
1178 2717 1256 2762 Jos.
1275 2717 1328 2752 Fi.
1348 2717 1435 2752 Ant.
1454 2717 1538 2763 Jud.
1558 2715 1640 2759 XX,
1655 2717 1688 2759 9,
1710 2719 1721 2751 l
1741 2726 1837 2760 sqq..

198 2776 227 2821 ⁴)
253 2777 376 2812 Tacit.
403 2777 501 2812 Ann.
527 2775 610 2819 XV,
635 2777 728 2819 44,4.
1045 2774 1074 2818 ⁹)
1101 2774 1160 2811 Cf.
1187 2786 1221 2810 n.
1247 2775 1304 2811 91.

197 2834 226 2879 ³)
248 2837 328 2882 Jos.
355 2836 407 2871 Fl.
434 2835 522 2871 Ant.
544 2835 630 2881 jud.
658 2835 789 2877 XVIII,
815 2836 848 2877 3,
879 2837 907 2869 1.
1038 2832 1081 2877 ¹⁰)
1109 2834 1191 2869 Par.
1218 2832 1348 2876 XVIII,
1378 2835 1461 2877 131;
1488 2833 1587 2875 ΧΙΧ,
1616 2834 1692 2870 163.

183 2893 229 2938 ¹¹)
256 2894 340 2930 Par.
375 2892 506 2936 XVIII,
543 2893 628 2936 163;
662 2891 762 2936 XIX,
795 2894 835 2936 2;
876 2893 961 2935 197;
998 2896 1195 2937 praeterea
1230 2892 1367 2928 Petrus
1401 2891 1596 2928 Christum
1629 2893 1837 2937 alloquitur

146 2953 231 2989 Par.
256 2951 355 2995 XXI,
384 2953 468 2987 105:
495 2950 632 2996 ὄρχαμε
657 2948 808 2995 κόσμου,
834 2951 871 2986 id
898 2952 1004 2994 quod
1026 2952 1197 2996 joannes
1223 2949 1402 2986 Gazaeus
1418 2952 1494 2986 tab.
1516 2952 1558 2987 18
1575 2952 1749 2986 imitatus
1767 2955 1838 2999 est·

181 3010 225 3055 ¹²)
252 3011 335 3047 Par.
361 3008 461 3052 XIX,
485 3011 542 3046 39.
1026 3007 1074 3053 ¹⁸)
1101 3009 1184 3045 Par.
1210 3008 1341 3052 XVIII,
1370 3010 1435 3045 157
1449 3007 1488 3053 †.

179 3068 225 3114 ¹⁴)
251 3069 334 3105 Par.
361 3068 492 3112 XVIII,
521 3070 606 3112 139;
632 3065 805 3112 θέμιστες
830 3070 1027 3112 praeterea
1055 3068 1137 3103 Par.
1165 3068 1188 3111 I,
1217 3069 1272 3103 52.

180 3126 225 3172 ¹⁸)
250 3128 334 3164 Par.
361 3127 437 3170 VII,
467 3127 549 3170 1893
579 3127 674 3170 VIII,
703 3128 757 3163 17.

1888 369 1939 411 Ν.
1967 370 2036 411 32.

1899 2369 1950 2411 Ν.
1979 2369 2047 2410 33.
