2180 3606
504 314 590 350 183:

503 384 591 421 184:

393 513 475 556 XX,
504 514 568 549 13:

504 586 569 620 14:

504 655 569 690 15:

504 724 568 760 16:

504 794 568 829 17:

504 865 569 901 18:

504 935 568 971 19:

500 1006 569 1042 20:

502 1077 569 1113 21:

501 1148 569 1183 22:

502 1218 571 1254 23:

503 1290 572 1326 24:

504 1360 572 1396 25:

504 1490 572 1526 33:

504 1562 571 1597 34:

504 1633 573 1668 35:

504 1703 573 1739 36:

506 1775 573 1810 37:

504 1845 572 1881 38:

506 1916 574 1951 39:

507 1987 575 2022 40:

509 2059 576 2093 41:

509 2129 578 2164 42:

511 2199 578 2234 43:

511 2271 580 2306 44:

512 2342 579 2377 45:

513 2411 581 2447 46:

1132 182 1189 225 50

639 310 889 357 μαρτυρίην
915 307 1166 345 ἀτίνακτον·
1193 306 1476 355 ἀριστονόοιο
1503 309 1554 345 δὲ
1580 311 1731 346 κείνου

643 380 775 424 ἴδμεν
801 377 871 416 ὅτι
899 379 1038 424 ζαθέη
1063 381 1137 415 καὶ
1163 376 1380 425 ἐτήτυμος
1406 376 1564 416 ἔπλετο
1591 378 1717 426 φωνή
1742 380 1784 425 ¹).

1134 508 1443 546 κατωπιόωντι
1469 509 1521 546 δὲ
1549 506 1707 556 Πέτρῳ

621 579 827 626 ἀγγελίην
851 577 989 627 ἑτέρῳ
1015 591 1063 616 τε
1090 579 1404 617 συνενδιάοντι
1428 583 1626 627 μαθητῇ,

617 651 824 697 κοίρανος
849 648 902 686 ὃν
928 649 1146 696 φιλέεσκε,
1172 655 1252 697 μιῇ
1278 650 1509 697 ξυνώσατο
1535 655 1662 697 φωνῇ

619 719 736 767 ἀμφὶ
761 720 911 767 τάφου
935 725 1121 757 κενεοῖο.
1147 723 1221 757 καὶ
1246 718 1307 767 ὡς
1332 717 1405 767 ἔχε
1432 721 1602 769 Πέτρος
1629 718 1822 766 ἀκούσας

619 787 811 837 ἔμπνοος
836 790 1124 838 οἰστρηθέντι
1149 793 1305 828 ποδῶν
1331 791 1543 840 διφήτορι
1568 795 1719 839 ταρσῷ

620 860 818 909 ἄνθορεν
843 859 892 898 έκ
916 861 1143 909 μεγάροιο·
1169 864 1244 898 καὶ
1270 860 1505 910 ὡμάρτησε
1530 862 1737 908 μαθητὴς

620 930 755 978 ἄλλος
781 929 903 978 ὁμῶς
928 930 999 968 έπὶ
1024 936 1156 978 σῆμα,
1182 934 1257 969 καὶ
1283 932 1346 979 είς
1371 932 1545 981 δρόμον
1571 930 1755 980 ἔτρεχον
1782 930 1936 978 ἄμφω.

618 1005 693 1039 καὶ
720 1003 956 1049 φθάμενος
982 1005 1168 1048 Σίμωνα
1192 1002 1444 1050 ποδήνεμος
1469 995 1583 1050 ήλθε
1609 1003 1816 1049 μαθητὴς

622 1073 799 1122 Πέτρου
825 1074 1147 1122 σπερχομένοιο
1172 1075 1415 1122 θοώτερος.
1442 1073 1687 1122 ἀγχιφανὴς
1713 1074 1765 1111 δὲ

621 1137 857 1191 ἱστάμενος
881 1145 1110 1193 παρέκυψε
1135 1147 1210 1182 καὶ
1237 1142 1425 1193 ἔδρακεν
1451 1143 1614 1183 έ’νδόθι
1639 1144 1817 1191 τύμβου

623 1214 843 1262 ἀντωποῖς
868 1216 1135 1264 βλεφάροισι
1160 1216 1365 1265 κενήριον
1390 1216 1470 1263 ὀξὺ
1496 1215 1701 1254 δοκεύων

621 1287 884 1333 κεκλιμένας
910 1285 1079 1333 ὀθόνας
1103 1288 1351 1334 χιονώδεας
1376 1285 1525 1333 ὑψόθι
1549 1290 1687 1335 γαίης·

623 1355 677 1393 οὐ
703 1357 786 1402 μὲν
812 1354 899 1394 ε”σω
926 1357 1139 1404 διέβαινε,
1165 1361 1240 1395 καὶ
1266 1359 1306 1395 εἰ
1331 1359 1468 1406 ταχὺς
1494 1351 1636 1405 ἦλθεν
1662 1357 1838 1396 ὁδεύων
1859 1359 1904 1405 ²).

622 1478 736 1533 ἦλθε
763 1489 837 1524 καὶ
863 1485 888 1523 ὁ
912 1487 1160 1535 πρώτιστος
1187 1488 1268 1525 ἰὼν
1293 1487 1364 1525 ε’πὶ
1391 1495 1509 1536 σῆμα
1534 1490 1741 1536 μαθητὴς

621 1561 695 1595 καὶ
722 1558 891 1606 βραδὺς
917 1555 1051 1595 ἔνδον
1077 1558 1200 1596 ἵκανε
1226 1560 1530 1607 λιθογλυφέος
1554 1565 1783 1607 κενεῶνος·

623 1631 696 1665 καὶ
723 1631 860 1666 λίθον
885 1627 1123 1676 εύδίνητον
1149 1627 1327 1667 έοικότα
1352 1630 1550 1676 χάσματι
1575 1630 1766 1678 τύμβου,

624 1698 867 1737 ἀντίτυπον
894 1699 1111 1749 στήριγμα
1136 1703 1418 1749 χαραδραίου
1444 1704 1685 1748 πυλεῶνος,

623 1773 697 1807 καί
724 1774 968 1815 πλοκαμων
994 1774 1233 1816 τελαμῶνα
1258 1774 1334 1808 καὶ
1359 1772 1522 1817 εἵματα
1547 1774 1730 1818 κείμενα
1755 1775 1857 1821 γαίῃ

623 1839 783 1888 ἔδρακε
806 1844 880 1879 καὶ
906 1844 1126 1884 πίστευεν,
1153 1841 1227 1881 ὅτι
1252 1845 1456 1889 χθονίων
1482 1842 1569 1880 ἀπὸ
1594 1844 1772 1881 κόλπων

626 1910 839 1960 οὐρανίην
865 1910 935 1949 ἐπὶ
960 1913 1095 1957 πέζαν
1122 1910 1362 1960 ὑπηνέμιος
1388 1913 1516 1961 νέκυς
1542 1912 1661 1961 ἕπτη.

626 1981 680 2020 οὑ
705 1983 787 2031 γάρ
813 1997 881 2020 πω
909 1984 1099 2021 δεδάασι
1126 1983 1223 2021 δύω
1248 1989 1463 2033 Χριστοῖο
1489 1987 1707 2032 μαθηταί,

628 2053 725 2091 ὅττι
751 2055 888 2101 ταχὺς
914 2056 1028 2100 μετὰ
1054 2055 1227 2101 πότμον
1255 2054 1500 2101 ἀνόστιμον
1525 2048 1665 2104 οὖδας
1691 2055 1836 2104 έάσας,

629 2125 691 2171 εἰς
716 2127 818 2173 τρία
845 2125 962 2172 φάεα
987 2130 1160 2170 μοῦνον
1186 2124 1420 2174 έγέρσιμον
1448 2125 1587 2164 ὕπνον
1614 2126 1769 2170 ἰαύων,

630 2196 840 2242 νόστιμος
866 2194 913 2232 ἐκ
938 2195 1109 2232 νεκύων
1136 2194 1406 2243 ἀναβήσεται
1432 2197 1494 2243 είς
1519 2198 1659 2234 πόλον
1686 2197 1862 2246 ἄστρων

631 2266 834 2313 ἀκλινέος
858 2267 1082 2304 θανάτοιο
1108 2270 1360 2304 παλίλλυτα
1387 2270 1532 2313 δεσμά
1558 2268 1766 2315 πατήσας.

629 2339 772 2374 πυκνά
800 2338 851 2374 δὲ
877 2337 1193 2384 θαμβήσαντες
1219 2336 1506 2387 όπιπευτῆρες
1532 2337 1701 2387 ἑταῖροι

632 2407 851 2454 ἀσταθέες
877 2408 1159 2456 σφετέροισιν
1185 2406 1473 2454 ε’ναυλίζοντο
1499 2409 1762 2458 μελάθροις,

514 2483 581 2518 47;
634 2478 792 2526 ἄψοφα
817 2481 1142 2525 καλλείψαντες
1168 2477 1388 2526 ἀπενθέος
1414 2479 1582 2527 ἄντυγα
1607 2480 1786 2528 τύμβου
1809 2482 1853 2528 ⁸).

496 2612 584 2648 136:
635 2608 750 2645 ἄλλα
777 2609 828 2645 δὲ
854 2607 1073 2653 θαύματα
1098 2609 1243 2645 πολλὰ
1269 2614 1423 2655 σοφῶν
1448 2610 1756 2658 προπάροιθεν
1782 2608 1977 2659 ἑταίρων

497 2683 584 2718 137:
631 2676 795 2725 Ἰησοῦς
821 2677 1022 2716 ἐτέλεσσε
1048 2677 1308 2727 πολύτροπα
1334 2679 1510 2726 σήματα
1536 2683 1724 2727 φαίνων,

497 2753 585 2789 138;
634 2750 806 2798 μάρτυς
832 2748 1045 2796 ἀληθείης
1070 2749 1208 2798 τάπερ
1236 2748 1413 2798 ἄγραφα
1439 2751 1625 2788 θέσπιδι
1652 2754 1808 2800 βίβλῳ,

498 2824 585 2859 139:
636 2820 683 2866 ὃς
708 2821 818 2857 τάδε
844 2821 989 2857 πάντα
1014 2820 1192 2868 χάραξε,
1219 2819 1442 2867 θελήμονι
1467 2822 1654 2859 κάλλιπε
1680 2829 1790 2870 σιγῇ.

499 2895 586 2930 140:
637 2897 779 2928 ταῦτα
806 2893 857 2929 δὲ
883 2892 1027 2928 πάντα
1053 2891 1175 2927 πέλει
1201 2893 1492 2937 τετυπωμένα
1517 2894 1713 2942 μάρτυρι
1740 2895 1899 2942 δέλτῳ,

386 3018 413 3061 ²)
440 3018 498 3055 Cf.
522 3019 577 3064 Jo.
604 3017 704 3061 XlX,
730 3019 786 3054 35.
1229 3016 1258 3061 ⁸)
1285 3017 1344 3054 Cf.
1367 3019 1423 3065 Jo.
1450 3018 1533 3063 XX,
1565 3020 1693 3057 8—10.

385 3075 412 3121 ²)
441 3077 499 3114 cf.
522 3079 577 3123 Jo.
604 3076 687 3121 XX,
713 3078 818 3113 2-5.
