2180 3606
108 2566 159 2607 N.
193 2567 256 2607 11.

1136 173 1188 216 16

310 302 540 355 aspectum
579 302 711 344 nobis
744 301 939 357 subjicit,
973 302 1154 357 paulum
1188 303 1244 345 ab
1278 304 1496 359 evangelii
1531 306 1650 346 textu
1684 305 1817 357 atque
1850 303 2006 346 ordine

310 371 517 422 deflectit,
561 372 605 414 id
649 372 771 426 quod
815 374 1041 426 ceteroqui
1087 374 1143 415 ab
1187 374 1284 429 eius
1327 386 1448 417 more
1489 375 1530 416 in
1565 374 1766 416 ornando
1799 377 1841 416 et
1873 375 2006 417 inter-

311 442 527 496 pretando
573 443 806 498 evangelio
849 443 1068 486 abhorret.
1108 442 1221 487 Cum
1256 445 1372 487 enim
1402 444 1596 500 Joannes
1629 445 1770 486 dicat:
1803 454 1878 489 καὶ
1903 443 1956 499 ἦν
1981 450 2007 498 ὴ

309 518 453 568 μήτηρ
481 517 620 567 Ἰησοῦ
653 519 755 557 ἐκεῖ·
791 519 960 567 ἐκλήθη
996 522 1047 558 δὲ
1082 525 1156 558 καὶ
1182 519 1207 558 ὀ
1233 519 1397 570 Ἰησοῦς
1429 519 1510 558 Cet.
1537 512 1581 569 ¹),
1604 515 1793 557 NOssnuS
1816 515 2004 569 primum

311 582 551 626 Dominum
585 586 790 626 vocatum
824 586 914 626 tum
947 584 1043 639 eius
1076 588 1255 628 matrem
1291 587 1517 630 invitatam
1553 588 1872 629 commemorat

358 665 441 701 Par.
467 665 508 709 11,
532 666 577 701 5:
625 664 701 698 καὶ
726 661 867 708 γάμος
892 661 1044 709 ὄλβιος
1070 654 1159 709 ἦεν,
1187 662 1257 700 ὅτι
1282 667 1459 712 χθονίῳ
1485 666 1603 713 παρὰ
1629 669 1784 712 παστῷ

536 730 581 766 6:
631 727 868 774 Χριστὸς
893 725 1217 773 ὀπισθοκόμων
1241 729 1454 778 μερόπων
1479 730 1715 778 θοινήτορι
1742 732 1838 777 λαῷ

538 796 583 831 7:
632 792 831 838 κλητὸς
858 789 949 838 ἔην
975 791 1299 842 σύνδορπος.

537 860 581 896 8:
1152 857 1204 904 ἐς
1229 859 1523 906 εἰλαπίνην
1549 860 1609 896 δὲ
1634 861 1723 895 καὶ
1755 855 1891 904 αὑτὴ

537 925 583 961 9:
632 922 882 969 παρθενικὴ
907 926 1123 970 Χριστοῖο
1148 924 1366 970 θεητόκος
1392 924 1545 961 ἵκετο
1572 923 1760 971 μήτηρ.

371 993 515 1046 Quam
549 996 699 1038 matris
731 996 922 1051 Filiique
956 998 1127 1040 ordinis
1160 998 1458 1041 inversionem
1483 1011 1571 1041 non
1597 999 1698 1041 hinc
1723 998 2008 1052 repetendam

313 1078 412 1110 esse
457 1069 578 1121 puto,
612 1067 734 1121 quod
768 1069 1084 1122 paraphrastae
1117 1070 1228 1111 inter
1260 1081 1418 1112 manus
1451 1069 1580 1112 fuerit
1612 1069 1831 1124 evangelii
1866 1068 2010 1111 codex

312 1139 397 1180 hoc
446 1138 546 1180 loco
595 1130 623 1180 a
664 1131 828 1181 nostris
871 1139 1106 1182 codicibus
1150 1139 1423 1195 discrepans.
1467 1140 1578 1183 Nam
1617 1140 1818 1183 ordinem
1852 1151 2009 1189 rerum,

313 1220 446 1263 quem
494 1208 677 1252 codices
722 1208 764 1252 S.
806 1207 1059 1265 scripturae
1093 1211 1319 1265 praebent,
1360 1211 1482 1265 quod
1517 1212 1669 1261 sciam,
1705 1211 1864 1253 ceteris
1897 1211 2011 1253 locis

314 1291 535 1334 nusquam
583 1280 717 1322 audet
765 1281 992 1331 invertere,
1042 1293 1188 1336 neque
1237 1281 1375 1324 ullum
1419 1284 1565 1325 textus
1613 1282 1800 1337 Joannei
1845 1281 2009 1324 diversi

314 1351 550 1406 vestigium
594 1352 798 1394 cernitur,
842 1351 1005 1406 ltaque,
1048 1353 1171 1406 quod
1209 1356 1427 1407 superest,
1462 1365 1549 1395 una
1581 1356 1714 1407 atque
1747 1353 1844 1396 sola
1876 1363 2012 1395 causa

315 1422 529 1464 immutati
574 1422 745 1464 ordinis
793 1425 951 1476 poetae
999 1422 1139 1465 fuisse
1181 1424 1355 1466 videtur
1394 1425 1517 1475 haec,
1553 1424 1674 1478 quod
1709 1422 1902 1474 Christo,
1936 1423 2009 1478 qui

315 1495 496 1535 matrem
544 1492 759 1547 dignitate
806 1494 1100 1544 antecederet,
1146 1494 1300 1537 ordine
1334 1496 1596 1538 narrationis
1630 1506 1812 1550 quoque
1846 1495 2011 1549 primas

315 1563 484 1605 deferre
532 1563 677 1606 vellet.
726 1563 912 1615 Etenim,
962 1576 1061 1606 cum
1110 1567 1202 1607 toto
1236 1577 1372 1620 opere
1404 1577 1488 1608 suo
1522 1566 1668 1608 omnis
1702 1566 1745 1608 in
1780 1577 1833 1608 eo
1866 1566 1935 1616 sit,
1967 1567 2013 1607 ut

315 1632 535 1677 Servatori
571 1635 737 1688 primas
771 1637 918 1689 partes
951 1635 1147 1677 vindicet
1171 1647 1376 1690 quaeque
1401 1635 1483 1678 Dei
1508 1639 1611 1679 sunt
1634 1637 1814 1691 propria
1835 1637 2011 1685 tribuat,

315 1706 443 1760 quasi
481 1706 644 1756 timeat,
679 1717 733 1747 ne
767 1706 980 1748 memoria
1013 1699 1190 1749 divinae
1224 1705 1404 1749 Domini
1439 1707 1683 1763 maiestatis
1715 1719 1738 1750 e
1772 1707 2010 1762 legentium

315 1777 476 1819 animis
503 1777 691 1827 excidat,
716 1779 887 1831 praeter
909 1777 1264 1831 expectationem
1289 1790 1611 1832 nonnunquam
1635 1778 1844 1833 epithetis
1867 1776 2011 1820 Deum

316 1859 416 1890 esse
449 1846 672 1891 Christum
707 1849 750 1890 in
785 1849 1043 1891 memoriam
1078 1852 1269 1901 revocat,
1304 1851 1350 1891 ut
1384 1850 1426 1892 in
1460 1853 1613 1904 aperto
1647 1852 1713 1893 est

362 1929 446 1965 Par.
473 1929 497 1973 1,
526 1931 615 1966 157:
665 1925 864 1973 σύγγονε,
892 1929 1094 1964 Μεσσίαν
1120 1927 1263 1974 σοφὸν
1289 1926 1494 1976 εὕρομεν,
1522 1927 1570 1975 ὃς
1595 1928 1731 1975 θεὸς
1756 1926 1891 1976 ἀνὴρ

526 1996 615 2031 158:
664 1992 856 2040 Χριστὸς
877 1989 1164 2029 Ἰουδαίοισιν
1189 1990 1398 2029 ἀκούεται
1419 1989 1602 2029 Ἑλλάδι
1630 1998 1770 2040 φωνῇ.

527 2060 615 2096 182:
659 2053 829 2103 Ἰησοῦν
855 2054 999 2094 ὁσίοιο
1026 2055 1259 2104 βοώμενον
1286 2056 1386 2095 υἱὸν
1407 2055 1579 2104 Ἰωσήφ,

528 2126 616 2161 183:
668 2122 882 2170 Ναζαρὲθ
908 2128 1112 2170 ναετῆρα,
1140 2126 1277 2159 θεοῦ
1302 2122 1483 2169 γόνον.

478 2189 518 2233 11,
547 2190 612 2225 18:
661 2190 842 2235 Χριστῷ
867 2189 959 2223 καὶ
986 2190 1229 2224 <redama
1257 2187 1487 2233 συνέστιος
1514 2184 1667 2223 ἔννεπε
1691 2185 1848 2234 μήτηρ.

392 2255 491 2298 ΧΙΧ,
520 2255 607 2291 198:
657 2251 860 2300 ὄρχαμον
887 2252 1070 2297 αἰτίζων
1096 2252 1259 2289 νέκυν
1286 2249 1502 2288 ἔνθεον·
1530 2249 1672 2299 αὐτὰρ
1698 2249 1723 2288 ὁ
1747 2253 1919 2299 χαίρων

521 2320 611 2357 199;
661 2318 856 2366 νεκρὸν
883 2316 1188 2362 ἁειζώοντα
1214 2317 1404 2354 θεουδέι
1431 2320 1549 2353 δῶκε
1576 2321 1723 2364 φορῇ-ι.

318 2384 418 2436 Qua
466 2397 570 2428 cura
616 2386 838 2429 adductus
896 2389 974 2437 est,
1032 2389 1078 2428 ut
1127 2387 1250 2428 matri
1299 2398 1472 2429 summa
1514 2387 1799 2428 veneratione
1852 2386 2013 2440 dignae

320 2455 478 2498 Filium
510 2457 877 2500 venerabiliorem
912 2458 1012 2511 ipso
1046 2458 1309 2500 narrationis
1344 2457 1498 2499 ordine
1533 2456 1770 2511 praeferret
1789 2453 1835 2510 ²).

378 2568 524 2611 Altera
543 2570 747 2623 quaestio
766 2572 833 2612 est
850 2570 903 2612 de
923 2570 1282 2624 interpretatione
1302 2570 1536 2612 verborum
1551 2568 1791 2623 evangelii:
1815 2578 1866 2613 τι
1892 2574 2014 2622 ἐμοὶ

320 2650 410 2684 καὶ
436 2649 537 2689 σοι’,
563 2638 803 2695 γύναι3);
838 2640 957 2683 Haec
992 2640 1180 2683 Nonnus
1214 2642 1278 2683 sic
1313 2641 1506 2695 explicat

368 2715 451 2751 Par.
478 2715 518 2758 ll,
544 2717 612 2752 21:
661 2715 735 2750 καί
761 2713 804 2750 οἱ
830 2713 1022 2762 Χριστὸς
1049 2710 1178 2750 ἔειπε·
1205 2715 1257 2749 τί
1289 2727 1397 2758 μοι,
1424 2711 1595 2759 γύναι,
1624 2711 1678 2758 ὴὲ
1705 2722 1790 2749 σοι
1817 2710 1976 2759 αὐτῇς

323 2781 551 2836 Evangelii
593 2784 739 2824 autem
783 2783 918 2825 verba
959 2782 1234 2838 significant:
1276 2780 1421 2832 „Quid
1459 2782 1564 2824 mihi
1599 2784 1743 2823 tecum
1778 2781 1907 2824 est‘?”
1941 2778 2014 2824 Sic

375 2899 473 3000 ¹312.
507 2899 732 3003 Ιῐὲὐίρέιῗηο.
759 2958 793 3000 1.,
820 2968 855 3002 p.
881 2958 968 2994 362:
998 2957 1253 3002 „Opzettelijk
1279 2957 1385 2993 heeft
1410 2957 1457 2993 de
1484 2957 1633 2993 dichter
1659 2957 1705 2992 de
1732 2957 1920 3002 volgorde
1949 2958 2017 2993 der

324 3025 515 3060 personen
543 3016 580 3051 in
607 3017 701 3052 deze
724 3026 863 3053 verzen
891 3017 1121 3062 gewijzigd;
1149 3016 1198 3060 hij
1228 3016 1291 3051 wil
1318 3017 1368 3051 nl.
1396 3025 1490 3051 over
1511 3015 1634 3051 Maria
1653 3016 1888 3061 uitvoeriger
1906 3015 2016 3060 zijn”.

375 3072 404 3117 ³)
426 3075 483 3120 Jo.
510 3074 549 3117 11,
575 3076 609 3110 4.
