2180 3606
981 203 1062 246 159

222 332 306 369 Par.
326 333 408 376 XV,
429 333 490 368 17:
539 333 622 374 πᾶς
647 328 806 376 βροτὸς
832 326 1131 373 έμπεδόμητις
1156 324 1405 372 ὁμόπλοκος
1430 326 1492 372 είς
1518 324 1596 371 ἐμὲ
1621 328 1813 372 μίμνων.

178 404 345 446 Eodem
380 405 514 446 modo
546 406 678 458 atque
712 403 930 445 Homerus
962 403 1149 445 Nonnus
1181 414 1291 444 voce
1325 408 1551 457 ἀεσίφρων
1583 402 1715 443 utitur

222 484 306 520 Par.
333 485 424 528 VIII,
453 485 537 528 1895
564 484 692 527 XVIII,
721 485 808 520 109:
860 480 1093 528 ἀεσίφρονι
1126 483 1264 527 θυμῷ
1302 473 1327 514 I.
1347 484 1383 514 Ε.
1416 473 1565 514 anImO
1598 474 1858 523 Occaecato;

222 554 335 590 Dion.
363 555 387 598 I,
416 557 504 591 147:
558 551 788 589 Τάνταλον
814 550 1038 599 οὐρανίων
1064 549 1371 598 ἀεσίφρονα
1396 554 1549 598 φῶρα
1574 550 1820 587 κυπέλλων.

175 625 309 668 Vocis
340 633 642 682 παρήορος
674 625 828 668 eadem
863 627 931 668 vis
963 627 1030 667 est
1060 628 1192 679 atque
1223 625 1430 666 vocabuli
1465 630 1692 679 ἀεσίφρων

223 707 261 743 II.
288 707 418 750 XXIII,
443 708 530 743 603:
839 702 933 741 ἐπεὶ
959 701 1061 740 οὔτι
1086 702 1362 751 παρήορος
1389 699 1485 739 οὐδ’
1518 701 1745 750 ἀεσίφρων

444 784 530 820 604:
579 772 701 826 ἦσθα
726 780 876 828 πάρος.
900 771 982 814 Per
1002 772 1333 814 translationem
1358 772 1487 826 igitur
1509 771 1729 826 significat
1745 783 1859 822 eum,

175 844 250 897 qui
285 855 310 885 a
342 855 451 886 sana
483 845 628 886 mente
660 843 864 895 deflectit,
898 855 997 885 cum
1031 843 1210 897 propria
1241 842 1448 884 vocabuli
1475 843 1543 884 vis
1570 844 1653 884 est:
1689 853 1861 895 „equus

174 913 380 956 funalis’'.

233 1018 435 1071 Nonnus,
469 1031 738 1073 quamquam
771 1019 1104 1073 synopticorum
1138 1018 1382 1072 evangeliis
1414 1017 1631 1060 interdum
1670 1019 1861 1060 tantum-

175 1089 310 1132 modo
344 1101 453 1132 usus
478 1092 557 1140 est,
580 1089 723 1132 solius
746 1088 930 1143 Joannis
953 1088 1154 1142 vestigiis
1177 1089 1388 1130 insistens
1411 1088 1649 1142 ipsumque
1673 1089 1862 1130 circum-

175 1160 391 1210 scribens,
435 1172 486 1202 ea
523 1162 668 1202 tamen
712 1160 878 1214 optime
921 1159 1144 1213 cognovit.
1188 1158 1232 1200 Id
1275 1160 1392 1212 patet
1430 1159 1686 1212 praesertim
1719 1171 1774 1201 ex
1806 1160 1860 1202 iis

173 1231 412 1285 pericopis,
438 1243 552 1285 quae
571 1230 728 1285 Joanni
754 1233 795 1273 et
816 1231 1064 1285 synopticis
1087 1241 1347 1272 communes
1370 1232 1484 1272 sunt.
1508 1229 1700 1284 Insignia
1723 1241 1861 1283 quae-

173 1301 289 1352 dam,
324 1302 584 1355 plerumque
611 1301 745 1343 variis
768 1301 975 1355 opusculi
1000 1300 1196 1343 numeris
1219 1300 1436 1354 dispersa,
1460 1299 1646 1342 collecta
1668 1300 1859 1342 aiteram.

233 1371 328 1414 Par.
361 1372 428 1423 VI,
459 1371 634 1414 62—83
667 1371 1043 1414 circumscribitur
1067 1371 1134 1426 Jo.
1167 1370 1234 1422 VI,
1261 1371 1444 1421 16—21,
1469 1370 1634 1424 quibus
1656 1370 1860 1413 versibus

174 1440 379 1486 Christus
425 1454 560 1496 super
604 1442 737 1484 maris
784 1442 928 1485 undas
977 1442 1233 1485 ambulasse
1275 1443 1483 1484 narratur.
1527 1441 1645 1483 Idem
1688 1443 1861 1483 narrant

171 1514 325 1556 Matth.
358 1513 464 1564 XIV,
497 1513 694 1565 24-33;
728 1513 864 1555 Marc.
897 1512 964 1564 VI,
995 1513 1184 1555 47—52.

172 1584 217 1627 In
252 1584 334 1626 hac
368 1585 513 1626 autern
547 1584 759 1638 pericope
793 1584 951 1638 legitur

172 1655 384 1710 primum:
417 1657 501 1695 Par.
527 1659 587 1702 VI,
613 1660 676 1695 72:
702 1658 776 1692 καὶ
802 1658 1004 1701 δολιχοῖς
1021 1653 1230 1702 ἐλατῆρες
1248 1652 1372 1702 ὕδωρ
1390 1652 1638 1702 ἐχάρασσον
1661 1651 1862 1702 ἐρετμοῖς

606 1729 675 1764 73;
702 1723 1063 1772 ἀντιπόροις
1089 1722 1340 1769 ἀνέμοις
1367 1723 1646 1769 βεβιημένον,

218 1800 355 1836 Matth.
380 1798 480 1843 XIV,
505 1800 573 1835 24:
610 1788 663 1842 ἦν
688 1797 770 1844 γὰρ
797 1793 1080 1841 ἐναντίος
1108 1792 1132 1831 ὸ
1158 1793 1393 1839 ἄνεμος,

218 1870 338 1907 Marc.
364 1870 425 1913 VI,
450 1871 519 1906 48:
556 1859 609 1913 ἦν
634 1867 716 1914 γὰρ
742 1863 767 1902 ὁ
793 1865 1015 1911 ἄνεμος
1041 1863 1323 1910 ἐναντίος
1349 1862 1514 1910 αὐτοῖς,

213 1941 271 1988 Jo.
298 1941 358 1984 VI,
387 1942 451 1977 18:
491 1937 516 1984 ἥ
541 1950 590 1974 τε
615 1937 827 1973 θάλασσα
853 1934 1024 1981 ἀνέμου
1049 1935 1249 1982 μεγάλου
1274 1935 1486 1981 πνέοντος
1511 1935 1768 1982 διεγείρετο,

173 2024 272 2055 curn
306 2014 484 2055 ventum
517 2012 752 2054 adversum
786 2011 926 2054 fuisse
959 2011 1121 2053 diserte
1154 2022 1243 2052 non
1277 2010 1615 2060 commemorat:

172 2095 358 2138 deinde:
392 2099 476 2135 Par.
501 2099 561 2141 VI,
587 2100 655 2135 77:
693 2094 934 2143 ταρβαλέοι
960 2091 1001 2131 ‹5’
1021 2092 1048 2130 ἀ
1062 2096 1089 2130 λ
1103 2094 1130 2130 ά
1143 2097 1171 2130 λ
1186 2107 1213 2130 α
1228 2095 1248 2139 ζ
1263 2106 1287 2130 ο
1302 2107 1340 2135 ν,

218 2171 355 2207 Matth.
380 2169 479 2212 XIV,
504 2170 572 2205 26:
610 2168 685 2202 καὶ
712 2163 797 2202 ἀπὸ
823 2169 904 2201 τοῦ
930 2164 1077 2211 φόβου
1103 2161 1374 2212 ἔκραξαν,

218 2242 338 2277 Marc.
365 2241 424 2284 VI,
450 2241 518 2276 49:
556 2239 630 2273 καὶ
657 2234 1010 2282 ἀνέκραξαν,

214 2313 272 2359 ]ο.
299 2311 359 2355 Vl,
388 2312 454 2347 19:
502 2310 577 2344 καὶ
603 2305 906 2353 ἐφοβήθησαν,
940 2297 1145 2340 clamoris
1178 2296 1401 2338 mentione
1435 2307 1522 2337 non
1555 2294 1692 2346 facta:

171 2376 286 2416 tum:
320 2376 403 2413 Par.
429 2376 489 2417 Vl,
514 2376 583 2411 80:
1218 2367 1505 2412 καὶμέσου
1532 2365 1719 2412 ἅλμης

218 2449 287 2484 81:
324 2435 377 2490 ἦν
401 2455 517 2484 τοτε,
545 2445 662 2480 Marc.
689 2443 750 2487 VI,
768 2444 835 2479 47:
871 2431 924 2485 ἦν
941 2439 993 2475 τὸ
1011 2435 1251 2475 πλοῖονῖέν
1275 2437 1423 2484 μέσῳ
1446 2441 1537 2482 τῆς
1562 2436 1860 2483 θαλάσσης.

172 2519 225 2562 At
254 2518 447 2573 Joannes
481 2516 535 2559 de
569 2515 716 2558 medio
750 2515 856 2557 mari
889 2515 1015 2556 tacet.

231 2589 326 2631 Par.
368 2588 450 2639 Vll,
498 2587 526 2629 8
567 2598 668 2640 sqq.
711 2585 1086 2628 circumscribitur
1125 2582 1191 2637 Jo.
1234 2582 1316 2633 Vll,
1358 2582 1385 2624 3
1427 2593 1541 2635 sqq„
1585 2593 1675 2635 quo
1707 2581 1861 2624 fratres

173 2659 353 2702 Domini
388 2671 487 2701 eum
522 2658 765 2711 increpant.
798 2655 842 2697 ln
877 2654 1139 2709 Paraphrasi
1173 2655 1317 2695 autern
1352 2653 1510 2707 legitur

219 2740 302 2776 Par.
329 2740 404 2782 VII,
430 2740 474 2776 9:
516 2738 679 2783 γνωτοὶ
704 2733 955 2779 ψευδαλέοι
980 2731 1345 2779 τετράζυγες
1372 2723 1462 2776 υἷες
1485 2727 1656 2777 Ἰωσήφ,

219 2811 355 2846 Matth.
381 2808 475 2853 XIII,
501 2811 569 2846 55:
607 2805 651 2842 οὶ
686 2804 880 2851 ἀδελφοὶ
914 2801 1054 2840 αὐτοῦ
1084 2799 1289 2848 Ἰάκωβος
1320 2804 1395 2837 καὶ
1421 2798 1580 2847 Ἰωσὴφ
1606 2804 1679 2837 καὶ
1705 2802 1861 2846 Σίμων

172 2880 247 2914 καὶ
268 2874 453 2923 Ἰούδας,

220 2951 338 2987 Marc.
365 2951 425 2994 VI,
450 2951 495 2986 3:
535 2945 731 2993 ἀδελφὸς
749 2942 963 2991 Ἰακώβου
984 2946 1058 2980 καὶ
1074 2940 1272 2989 Ἰωσῆτος
1296 2945 1370 2979 καὶ
1384 2939 1532 2979 Ἰούδα
1548 2944 1623 2978 καὶ
1641 2944 1857 2989 Σίμωνος,

215 3021 272 3066 Jo.
300 3020 377 3063 VII,
403 3021 448 3056 3:
488 3009 613 3053 εἶπον
638 3007 719 3053 οὖν
746 3015 853 3063 πρὸς
880 3012 1018 3051 αὐτὸν
1044 3012 1087 3050 οἱ
1113 3011 1307 3059 ἀδελφοὶ
1333 3011 1486 3054 αὐτοῦ,
1525 3010 1605 3053 sed
1629 3010 1683 3053 de
1707 3023 1857 3054 eorum

174 3097 356 3127 numero
390 3096 479 3127 non
512 3084 720 3138 loquitur.
