2180 3606
984 209 1032 251 61

166 336 360 379 Primum
394 337 509 378 enim
537 336 732 390 joannes
765 337 1057 379 eucharistiae
1081 338 1399 380 institutionem
1424 349 1511 379 non
1536 342 1852 381 commemorat

167 409 210 449 et
251 418 346 448 raro
384 408 549 448 tantum
583 405 770 448 Nonnus
802 408 1079 461 evangelium
1109 407 1354 462 Joanneum
1388 408 1537 461 quoad
1571 420 1639 450 res
1672 409 1851 463 maJ'oris

167 478 377 519 momenti
423 477 602 530 supplet
644 487 666 517 e
704 477 965 530 synopticis.
999 476 1172 520 Deinde
1204 480 1369 520 certum
1404 480 1471 520 est
1502 477 1763 529 buccellam,
1797 479 1851 521 de

167 559 256 601 qua
288 547 483 600 loquitur
505 547 713 601 joannes,
738 558 825 588 non
849 546 987 589 fuisse
1012 559 1171 600 panem
1196 549 1550 590 eucharisticum.
1583 549 1694 590 Nam
1717 561 1852 591 voca-

167 617 319 659 bulum
363 624 652 669 ψωμίονῑ)
709 616 1050 666 buccellam,
1105 617 1346 660 offulam
1390 619 1851 673 qualemcunque

166 687 333 729 indicat
375 687 446 736 ita,
490 687 535 728 ut
567 698 589 728 e
623 687 830 728 contextu
863 687 1097 728 verborum
1132 688 1345 730 efficiatur
1378 700 1562 731 necesse
1596 692 1675 740 est,
1709 692 1852 732 utrum

167 757 296 811 panis
320 757 392 798 ille
414 756 543 798 fuerIt
565 756 886 798 eucharisticus
910 768 1063 799 necne.
1094 756 1146 799 At
1169 759 1311 811 panis,
1336 770 1468 812 quem
1492 757 1696 802 Christus
1713 760 1852 815 Judae

167 827 372 881 porrexit,
407 827 616 868 intinctus
650 828 752 876 erat,
787 838 886 868 cum
911 828 1040 881 panis
1064 828 1385 871 eucharisticus
1409 830 1619 872 intinctus
1641 842 1741 873 esse
1763 843 1851 872 non

165 897 325 938 dicitur
356 897 475 951 apud
509 897 782 950 synopticos.
817 895 1047 939 Praeterea
1080 898 1361 940 manifestum
1395 901 1461 942 est
1493 899 1734 942 Dominum
1763 912 1851 942 non

166 968 366 1021 potuisse
400 967 622 1021 porrigere
651 965 790 1021 Judae
818 979 977 1021 panem
1002 969 1356 1019 eucharisticum,
1381 970 1417 1011 si
1443 970 1712 1023 proditorem
1738 971 1853 1012 indi-

166 1038 341 1088 caverit,
365 1039 600 1090 antequam
625 1037 934 1079 eucharistiam
959 1039 1164 1089 instituit3
1186 1039 1223 1080 si
1247 1041 1392 1080 autem
1418 1052 1516 1081 eum
1541 1041 1852 1095 designaverit,

165 1112 402 1162 postquam
428 1108 615 1150 instituit
637 1108 961 1159 eucharistiam,
976 1108 1113 1163 Judas
1132 1120 1313 1162 quoque
1333 1122 1492 1163 panem
1511 1112 1852 1153 eucharisticum

163 1179 250 1233 J'am
284 1180 547 1233 sumpserat.
581 1178 614 1219 E
643 1179 791 1221 verbis
815 1181 960 1221 autem
993 1187 1261 1233 θέσκελος
1297 1183 1338 1222 et
1370 1185 1564 1235 ἔνθεος
1597 1182 1714 1224 haud
1739 1182 1851 1224 effici

165 1251 313 1303 potest
346 1261 504 1303 panem
539 1248 660 1290 illum
694 1248 833 1290 fuisse
858 1249 1213 1292 eucharisticum.
1247 1249 1358 1292 Nam
1382 1252 1564 1305 saepius
1588 1253 1642 1294 iis
1665 1253 1853 1294 vocibus

164 1320 297 1361 utitur
333 1319 521 1361 Nonnus
553 1319 799 1373 subjiciens
832 1320 898 1361 eis
932 1320 1181 1362 notionem:
1228 1321 1583 1371 „divinitus
1631 1323 1852 1373 datum,

164 1391 392 1440 dictum,
417 1389 670 1440 tactum'’,
698 1391 1133 1443 „quoquomodo
1157 1392 1222 1433 ad
1247 1390 1418 1434 Deum
1443 1392 1784 1446 pertinens'’,
1809 1395 1854 1435 ut

269 1465 352 1501 Par.
379 1466 439 1508 Vl,
464 1466 533 1501 97:
582 1460 802 1499 θέσκελον
836 1461 994 1508 ἤσθιεν
1029 1462 1178 1511 ἄρτον,
1206 1463 1258 1500 ὃν
1284 1461 1469 1501 ἔκλασεν
1495 1464 1716 1511 ἀμβροσίη
1742 1467 1852 1513 χείρ,

164 1532 238 1574 ubi
273 1532 432 1573 diCItur
463 1531 518 1573 de
552 1543 667 1585 pane
700 1531 914 1573 divimtus
947 1532 1049 1574 dato
1084 1533 1127 1574 in
1161 1532 1361 1586 deserto;

208 1606 292 1642 Par.
319 1606 411 1649 VIII,
439 1606 528 1642 180:
580 1600 749 1648 ὑμείων
774 1604 949 1650 γενὲτης
973 1605 1288 1653 πρωτόσπορος
1314 1602 1511 1652 ἔνθεος
1532 1603 1751 1654 Ἄβράρω

248 1676 331 1712 Par.
358 1676 435 1719 XII,
464 1678 528 1712 16:
579 1674 801 1720 νηχομὲνη
828 1673 1081 1719 ἑμέθυσσεν
1107 1673 1215 1712 ὅλον
1241 1676 1387 1721 δόμον
1413 1673 1608 1722 ἔνθεος
1634 1675 1789 1723 ὀδμή,

164 1755 255 1796 quo
290 1742 525 1785 adhibetur
557 1743 612 1785 de
646 1744 847 1786 balsamo
882 1745 923 1785 in
959 1742 1122 1787 Christi
1157 1746 1296 1799 pedes
1330 1746 1485 1787 effuso.

165 1812 394 1855 Postremo
443 1813 883 1856 animadvertendum
929 1817 995 1857 est
1042 1827 1081 1857 v.
1130 1815 1210 1858 125
1252 1828 1277 1858 a
1315 1816 1476 1858 Nonno
1520 1817 1686 1859 dIctum
1731 1828 1852 1859 esse:

165 1888 327 1928 ἔνθεον
354 1891 490 1939 ἄρτον
516 1888 652 1937 ἔχων
675 1896 778 1938 pro:
803 1889 964 1929 ἔνθεον
983 1892 1119 1941 ἄρτον
1137 1894 1302 1940 λαβών,
1323 1887 1443 1940 QUOd
1462 1888 1644 1929 verbum
1659 1887 1854 1941 JOanneS

164 1954 380 1996 adhibuit.
422 1954 614 1997 Verbum
656 1957 801 1997 autem
846 1963 997 2009 λαβὼν
1034 1958 1078 1999 1:
1122 1957 1211 1999 tere
1245 1958 1518 2011 pleonastice
1552 1959 1751 2010 sumitur,
1785 1960 1852 2001 ut:

165 2035 367 2079 λαβοῦσα
404 2034 626 2080 λίτραν...
665 2031 925 2080 mamma&
967 2027 1018 2068 2:
1065 2039 1265 2078 „sumere
1318 2028 1495 2070 cibum'’
1549 2030 1630 2070 cet.
1683 2029 1854 2084 signifi-

166 2097 247 2146 cat,
292 2097 354 2137 ut:
388 2101 463 2139 ὅτε
497 2094 578 2140 οὖν
613 2100 772 2149 ἔλαβεν
805 2104 856 2140 τὸ
890 2103 990 2151 ὄξος
1011 2106 1055 2151 ³).
1096 2098 1290 2140 Maxime
1333 2101 1478 2140 autern
1517 2100 1755 2141 verisimile
1789 2102 1854 2142 est

160 2178 217 2223 Jo.
254 2177 346 2219 Xlll,
379 2179 447 2214 30:
498 2176 649 2221 λαβὼν
690 2167 772 2212 οὖν
812 2176 863 2212 τὸ
898 2179 1080 2221 ψωμίον
1123 2169 1238 2210 idem
1282 2169 1426 2211 valere
1468 2181 1542 2211 ac:
1589 2172 1852 2224 „postquam

166 2237 411 2279 buccellam
442 2238 677 2289 comedit'',
703 2239 823 2292 quod
847 2251 887 2281 v.
910 2239 989 2281 27:
1023 2247 1136 2292 μετὰ
1163 2247 1213 2282 τὸ
1240 2249 1421 2292 ψωμίον
1454 2252 1634 2294 quoque
1659 2240 1853 2282 iudicare

165 2308 350 2350 videtur.
395 2306 513 2357 Quid
557 2309 671 2350 enim
716 2308 771 2350 de
815 2321 867 2351 eo
911 2321 1025 2363 pane
1068 2310 1171 2350 vino
1207 2310 1390 2351 intincto
1424 2310 1566 2352 facere
1600 2311 1854 2364 potuisset?

166 2378 283 2421 Idem
316 2391 378 2421 sc.
412 2391 571 2433 panem
608 2379 964 2429 „comedere”
998 2380 1186 2422 Nonnus
1219 2381 1498 2434 significasse
1526 2381 1698 2423 videtur
1718 2393 1854 2423 voca-

167 2449 273 2491 bulo
314 2454 454 2503 Qum,-
495 2450 689 2492 eomedit
730 2462 791 2492 sc.
830 2451 968 2505 Judas
1010 2463 1183 2505 panem.
1227 2449 1314 2493 Sed
1359 2452 1581 2505 propriam
1626 2452 1852 2501 rationem,

167 2532 302 2574 quare
335 2532 490 2562 vocem
523 2528 676 2574 λαβών
708 2522 939 2563 mutaverIt
971 2533 1070 2563 cum
1099 2521 1319 2563 vocabulo
1344 2526 1496 2575 ἔχων,
1518 2522 1578 2563 illi
1604 2533 1691 2563 non
1715 2522 1853 2564 fuisse

167 2591 353 2633 arbitror
385 2592 468 2633 nisi
501 2591 613 2633 forte
645 2592 952 2638 necessstatem
979 2592 1216 2634 metricam.
1250 2592 1360 2633 Nam
1384 2597 1512 2645 ἔχων,
1535 2593 1636 2635 licet
1658 2593 1852 2646 aliquam

167 2661 502 2704 admirationem
537 2674 714 2704 movere
749 2663 905 2716 possit,
940 2675 1027 2704 non
1061 2665 1228 2704 tantum
1256 2674 1471 2713 „secum
1505 2664 1749 2706 habens''
1772 2663 1852 2705 sed

168 2733 297 2773 etiarn
333 2733 411 2782 „in
450 2744 507 2775 se
546 2733 792 2775 habens''
826 2733 1075 2788 significare
1111 2736 1268 2787 potest.
1303 2731 1375 2775 Sic
1408 2742 1551 2787 γυνὴ
1578 2739 1802 2787 ἔχουσα
1824 2743 1852 2787 ⁴)

221 2859 247 2904 ¹)
275 2861 359 2896 Vox
393 2859 539 2904 ψωμίον
570 2862 606 2897 in
638 2862 750 2897 Novo
776 2861 1028 2898 Testamento
1054 2862 1198 2906 scripta
1224 2862 1364 2907 legitur
1390 2863 1487 2897 locis
1513 2863 1659 2897 tantum
1687 2862 1854 2897 laudatis

237 2930 257 2954 n
351 2947 358 2955 .

164 2921 432 3024 1οῗ)ῐ]ῗ>1.8Χ11,
459 2979 504 3021 3;
531 2979 580 3014 cf.
606 2979 743 3014 Matth.
770 2977 864 3022 XllI,
891 2980 958 3021 31;
984 2980 1051 3021 33;
1079 2978 1191 3022 XVII,
1219 2980 1286 3022 27;
1314 2979 1397 3015 Act.
1425 2979 1522 3023 XVI,
1549 2980 1581 3015 3.

220 3034 248 3079 3)
272 3037 329 3083 Jo.
354 3035 453 3080 XIX,
480 3038 548 3080 30,
575 3038 624 3073 cf.
650 3038 769 3073 Marc.
797 3036 878 3081 XV,
908 3039 976 3080 23;
1003 3039 1087 3073 Act.
1116 3037 1175 3080 IX,
1207 3039 1269 3080 19;
1299 3039 1309 3073 I
1336 3038 1435 3074 Tim.
1461 3039 1521 3080 IV,
1547 3040 1580 3073 4.

217 3093 247 3138 ⁴)
275 3094 333 3132 Cf.
357 3095 495 3132 Herod.
511 3096 554 3139 V,
568 3098 607 3132 41
628 3108 635 3132 :
660 3095 816 3141 ἔχουσαν
836 3094 875 3129 δὲ
894 3095 1011 3138 αὐτήν
1031 3099 1121 3139 cet.;
1137 3097 1185 3139 cf,
1201 3097 1339 3132 Herod.
1355 3098 1411 3141 lll,
1425 3098 1492 3133 32:
1514 3092 1645 3142 ἐχούσῃ
1662 3092 1701 3131 ἐν
1714 3093 1852 3140 γαστρί.
