2180 3606
1128 189 1188 231 44

548 322 636 357 101:
686 315 922 363 ἀσφαλέως
946 313 1128 359 ποθέεις
1153 326 1209 358 με
1235 312 1376 349 πολὺ
1402 313 1576 349 πλέον
1602 310 1733 359 ἠέπερ
1764 310 1920 355 ἄλλοι,-

483 393 521 429 et
549 393 636 428 103:
686 390 899 433 μᾶλλον
925 383 1047 430 ἐμῶν
1073 382 1246 432 ἑτάρων
1273 397 1329 429 με
1356 384 1665 432 φιλοστόργων
1692 381 1954 429 ἀγαπάζεις;

310 474 528 520 Consulto
570 476 639 517 his
680 471 1062 527 appellationibus
1105 471 1222 512 idem
1257 467 1466 521 Simonis,
1500 470 1576 511 filii
1606 468 1805 523 JoanniS‚
1840 479 2001 509 nomen

309 547 583 589 sollemniter
614 543 878 586 adhibuisse
910 541 1084 584 videtur
1116 543 1249 594 atque
1273 541 1419 594 ipsum
1445 539 1738 594 evangelium.
1774 536 2004 580 Praeterea

309 617 566 672 gradatione
601 614 792 669 quadam
828 624 936 655 usus
970 614 1049 662 est,
1083 612 1340 666 praesertim
1376 623 1474 653 cum
1508 611 1563 653 ad
1598 609 1841 652 secundam
1871 609 2003 651 inter-

309 688 583 743 rogationem
627 684 848 727 addiderit
888 695 1045 725 vocem
1094 695 1340 735 μοῦνον,
1389 681 1444 723 ad
1488 682 1656 723 tertiam
1690 681 1834 721 autem
1868 679 2005 721 verba

307 766 457 803 πολὺ
486 764 684 801 πλέον.
718 755 923 797 Fortasse
958 755 1088 796 etiam
1128 754 1332 796 adhibuit
1362 753 1520 795 verba:
1554 758 1807 806 ιἰγαπιὶςειν,
1839 761 2003 805 φιλεῖν,

307 840 484 878 ποθεῖν,
519 829 563 869 ut
597 826 887 881 gradationen
921 824 1117 878 aliquam
1153 823 1370 878 designet.

366 899 433 941 Ad
467 899 547 940 has
580 899 725 939 autem
760 896 1130 950 interrogationes
1153 895 1223 936 bis
1247 893 1402 936 Petrus
1425 893 1667 947 respondet
1689 903 1737 934 se
1762 890 2003 933 Dominum

309 970 439 1011 unice
480 968 664 1023 diligere
709 967 863 1021 maiori
898 966 1047 1009 studio
1083 977 1214 1019 quam
1250 965 1381 1007 ceteri
1416 964 1625 1018 discipuli
1660 975 1760 1005 eum
1795 961 2005 1016 diligant;

309 1042 460 1082 contra
492 1038 630 1082 semel
665 1038 855 1080 maxime
890 1037 933 1078 in
968 1036 1201 1091 evangelio
1235 1034 1389 1077 Petrus
1422 1036 1507 1077 hoc
1541 1034 1740 1083 affirmat,
1774 1043 1836 1075 sc.

350 1134 407 1180 Jo.
436 1133 534 1176 XXI,
564 1133 628 1169 15:
679 1130 766 1170 ναί,
792 1128 931 1176 κύριε,
961 1127 1015 1163 σὺ
1043 1119 1171 1173 οἶδας
1196 1124 1267 1163 ὅτι
1294 1129 1413 1173 φιλῶ
1440 1135 1501 1162 σε.

561 1203 624 1239 16;
674 1201 762 1241 ναί,
789 1197 927 1247 κύριε,
955 1198 1010 1234 σὺ
1037 1190 1167 1243 οἶδας
1192 1195 1263 1233 ὅτι
1289 1199 1409 1243 φιλῶ
1435 1206 1497 1232 σε.

561 1276 625 1310 17;
675 1269 814 1319 κύριε,
841 1270 987 1307 πάντα
1012 1269 1067 1305 σὺ
1094 1261 1236 1314 οἶδας,
1264 1268 1319 1304 σὺ
1345 1267 1572 1314 γινώσκεις
1597 1264 1668 1302 ὅτι
1695 1268 1814 1311 φιλῶ
1841 1272 1903 1300 σε.

308 1334 396 1378 Sed
431 1335 590 1389 legitur

307 1405 390 1440 Par.
406 1405 503 1448 XXI,
519 1404 588 1439 86:
1015 1401 1106 1436 ναὶ
1131 1400 1374 1446 κοίρανε,
1401 1399 1475 1433 καὶ
1503 1396 1557 1432 σὺ
1583 1396 1635 1432 δὲ
1660 1398 1800 1442 θυμῷ

520 1474 588 1509 87:
615 1462 757 1516 οἶδας,
786 1467 893 1506 ὅσον
920 1468 1063 1516 φιλέω
1089 1478 1151 1510 σε,
1178 1470 1253 1504 καὶ
1279 1465 1333 1504 οὐ
1355 1466 1529 1512 μύθοιο
1555 1467 1761 1512 χατίζεις·

520 1616 587 1651 95:
614 1626 640 1649 ν
651 1614 717 1654 αι’,
737 1614 764 1658 β
776 1625 803 1647 α
814 1614 901 1647 σιλ
911 1624 931 1647 ε
941 1616 980 1647 ῦ·
996 1611 1051 1647 σὺ
1068 1611 1120 1647 δὲ
1133 1610 1305 1658 μάρτυς
1320 1607 1426 1658 ε’μῆς
1441 1608 1602 1656 φρενὸς
1616 1600 1755 1644 οἶσθα
1769 1608 1844 1643 καὶ
1858 1604 2007 1652 αὐτός,

519 1686 587 1721 96:
614 1680 751 1719 ὅσσον
777 1680 862 1728 ἐγὼ
887 1681 1027 1728 γλυκὺ
1055 1683 1245 1729 φίλτρον
1276 1678 1540 1726 ἀθέσφατον
1567 1678 1630 1724 εἰς
1656 1678 1703 1714 σὲ
1729 1678 1912 1722 κομίζω.

499 1829 587 1864 105:
613 1825 759 1861 πάντα
785 1824 839 1860 σὺ
865 1823 1107 1870 γινώσκεις,
1135 1821 1218 1859 ὅσα
1243 1821 1461 1868 μήδομαι,
1489 1820 1661 1869 ὄρχαμε
1686 1820 1872 1865 κόσμου,

500 1899 587 1934 106;
614 1897 687 1932 καὶ
717 1895 858 1941 νοέεις
884 1893 1126 1932 ἀτίνακτον
1152 1894 1258 1940 ἐμῆς
1285 1896 1526 1940 φιλοτῆτος
1551 1891 1676 1938 ὀχῆα,

500 1970 589 2006 107:
615 1958 714 2003 οἷον
742 1962 858 2011 ε”χων
885 1966 1025 2012 φιλέω
1048 1974 1112 2001 σε.

368 2059 513 2103 Prima
544 2059 642 2100 vice
676 2057 832 2100 Petrus
864 2058 990 2100 fortis
1023 2069 1175 2099 verum
1209 2057 1329 2107 dicit,
1364 2067 1447 2098 suo
1481 2055 1650 2111 judicio
1684 2066 1808 2105 usus,
1841 2056 1928 2097 tam
1965 2054 2009 2095 in

310 2130 543 2185 evangelio
576 2142 708 2184 quam
744 2130 787 2171 in
811 2128 1099 2183 Paraphrasi:
1137 2128 1252 2179 „lta
1284 2140 1306 2170 e
1326 2130 1393 2177 st,
1428 2126 1511 2169 Do
1530 2139 1571 2168 m
1592 2127 1602 2167 i
1624 2138 1650 2168 n
1669 2126 1736 2168 e’'.
1770 2123 1858 2168 Sed
1882 2125 2013 2180 signa

311 2213 492 2256 quoque
540 2200 836 2243 verecundiae
886 2200 1062 2250 adsunt,
1110 2211 1209 2241 cum
1254 2210 1302 2241 se
1346 2197 1588 2240 Dominum
1636 2197 1820 2252 diligere
1869 2196 2011 2250 magis

310 2284 443 2327 quam
488 2272 619 2314 ceteri
665 2283 764 2314 eum
809 2271 1009 2325 diligant,
1053 2270 1214 2312 diserte
1250 2270 1399 2323 eloqui
1435 2281 1523 2310 non
1557 2268 1741 2318 audeat;
1775 2267 1855 2309 sed
1888 2266 2009 2321 apud

305 2343 544 2398 Joannem:
584 2349 639 2386 σὺ
666 2341 808 2395 οἶδας,
835 2346 908 2387 ὅτι
934 2351 1055 2395 φιλῶ
1085 2358 1133 2384 σε
1166 2340 1303 2391 addit,
1337 2339 1457 2394 apud
1491 2339 1699 2381 Nonnum
1733 2338 2009 2392 aliquantum

311 2414 454 2468 magis
486 2414 554 2455 sui
589 2412 843 2455 confidens:
878 2412 1019 2464 οἶδας,
1048 2416 1156 2455 ὅσον
1183 2419 1326 2465 φιλέω
1356 2427 1418 2454 σε.

370 2482 577 2527 Secunda
609 2485 755 2525 autem
789 2483 886 2525 vice
920 2482 1200 2536 evangelium
1235 2481 1290 2523 de
1324 2479 1437 2523 Petri
1469 2492 1571 2535 erga
1594 2478 1819 2522 Christum
1843 2489 2010 2529 amore,

312 2562 485 2597 ceteros
530 2556 782 2608 superante,
830 2555 958 2604 tacet,
1005 2564 1157 2594 verum
1207 2552 1495 2606 paraphrasta
1544 2550 1720 2592 Petrum
1770 2561 1818 2592 se
1861 2560 2010 2591 amore

313 2628 484 2668 ceteros
526 2626 704 2667 vincere
737 2624 1026 2667 affirmantem
1063 2623 1256 2665 inducit:
1292 2630 1461 2676 φιλέεις
1487 2627 1566 2674 ἐμὲ
1591 2631 1768 2673 μᾶλλον
1794 2626 1985 2675 ἑταίρων
1997 2640 2013 2671 ,·

312 2705 399 2745 ναί,
439 2706 638 2749 βασιλεῦ.
681 2695 850 2738 Tamen
893 2698 1044 2750 aperte
1088 2694 1205 2736 idem
1240 2706 1329 2736 non
1363 2694 1562 2736 enuntiat
1593 2693 1755 2742 verbis,
1791 2703 1905 2745 quae
1938 2702 2011 2733 se-

313 2772 520 2820 quuntur,
555 2767 657 2809 licet
690 2767 926 2820 perspicue
961 2768 1003 2808 et
1035 2765 1198 2807 diserte
1231 2766 1414 2807 testetur
1443 2776 1491 2807 se
1515 2763 1756 2805 Dominum
1786 2774 1932 2804 amare
1956 2773 2011 2804 ex

312 2838 446 2879 animi
481 2837 712 2887 sententia,
746 2848 922 2878 summo
956 2836 1130 2879 studio:
1167 2834 1307 2879 oia-‘m
1336 2844 1411 2879 καὶ
1438 2839 1585 2887 αὐτός,

519 2925 655 2963 ὅσσον
681 2924 765 2972 ε’γὼ
790 2926 930 2972 γλυκὺ
956 2928 1147 2974 φίλτρον
1174 2923 1439 2971 ἀθέσφατον
1464 2923 1526 2970 εἰς
1554 2923 1603 2959 σε
1627 2924 1810 2968 κομίζω.

315 3005 520 3061 Speciem
557 3005 688 3062 igitur
719 3006 904 3049 audacis
937 3007 1134 3061 praebet,
1167 3005 1247 3048 sed
1281 3006 1427 3047 audax
1459 3005 1638 3046 minime
1668 3006 1747 3046 est.
1770 3004 1869 3046 Non
1894 3004 2010 3046 enim

317 3079 541 3133 impotens
578 3078 646 3120 sui
691 3077 850 3119 elatius
891 3088 940 3119 se
982 3077 1105 3132 gerit,
1150 3077 1229 3118 sed
1272 3076 1433 3131 plenus
1476 3075 1783 3129 persuasionis
1821 3086 1869 3117 se
1910 3085 2012 3116 vere
