2180 3606
955 188 1037 231 129

209 319 275 362 De
310 321 390 362 hac
422 320 546 361 veste
577 318 748 361 sortitio
781 318 827 360 fit
859 319 943 360 hoc
977 318 1134 360 modo:

196 400 280 437 Par.
306 401 403 444 XIX,
431 401 520 436 125:
570 398 772 433 δάκτυλα
797 396 944 444 χειρὸς
970 394 1157 442 ἀφέντες
1182 394 1372 442 ἑκηβόλα
1398 393 1603 441 σύμβολα
1628 394 1748 438 νίκης

433 470 521 506 126:
571 469 730 513 λαχμῴ
756 466 915 512 πάντες
941 465 1120 511 ἴδοιμεν
1145 465 1357 514 ἀδηρίτῳ,
1384 467 1505 511 τίνος
1530 461 1654 501 ἔσται
1676 464 1718 509 ¹),

432 541 520 576 131:
568 539 642 573 καὶ
668 535 856 583 κλήρους
882 534 1112 582 ἐβάλοντο.

147 611 267 654 Voce
309 622 514 666 λαχμῷ
556 610 829 665 significatur
870 611 1157 661 sortitio,
1199 620 1412 665 κλῆροι
1443 611 1588 652 autem
1622 609 1834 651 sortes

146 684 262 724 sunt.
296 681 459 724 Versus
496 681 577 723 125
604 680 769 722 indicat
791 681 986 731 modum,
1010 693 1101 735 quo
1125 681 1287 723 milites
1308 681 1562 730 sortiuntur,
1586 690 1648 721 sc.
1672 678 1835 720 micant

147 752 311 806 digitis.
355 751 436 794 Hic
480 751 611 793 ludus
644 749 856 796 Romanis
889 752 1078 793 maxime
1111 752 1299 793 usitatus
1333 752 1435 801 erat,
1468 751 1644 792 nostrae
1676 748 1833 790 aetatis

147 822 264 864 Italis
298 822 476 864 minime
510 822 700 876 ignotus.
736 819 958 864 Omnibus
985 822 1102 863 enim
1131 823 1263 863 notus
1286 822 1352 863 est
1377 820 1442 871 „il
1476 820 1686 874 giuoco
1718 818 1833 860 alla

149 903 343 943 morra,
376 892 494 934 fare
527 891 642 933 alla
675 902 869 941 morra,
903 891 1021 933 fare
1053 891 1104 933 al
1137 887 1398 944 tocc0''²).

205 1032 435 1075 Postremo
468 1030 687 1086 quaedam
721 1033 872 1073 notatu
906 1032 1040 1086 digna
1074 1031 1186 1085 elegi
1220 1043 1243 1073 e
1276 1030 1482 1073 versibus

193 1113 277 1150 Par.
303 1113 403 1157 XIX,
431 1113 519 1148 146:
565 1106 732 1155 Ἰησοῦς
757 1105 900 1153 δ’ἄμα
926 1109 1069 1146 πάντα
1094 1107 1457 1157 παριππεύσαντα
1483 1107 1655 1154 νοήσας,

430 1185 518 1219 147:
567 1177 665 1216 ὅττι
690 1183 815 1225 θοῶς
839 1178 1086 1220 τετέλεστο,
1113 1179 1347 1227 θοώτερον
1372 1177 1538 1224 ἤθελεν
1563 1171 1678 1215 εἶναι

430 1254 516 1290 148;
567 1247 786 1297 τέρματος
812 1248 1071 1294 ἱσταμένοιο
1101 1250 1153 1285 τὸ
1179 1251 1411 1293 λείψανον.

146 1323 420 1380 Saepissime
453 1325 740 1379 paraphrasta
773 1330 889 1376 ἅμα
921 1323 1153 1379 conjungit
1181 1336 1280 1366 cum
1303 1335 1414 1366 voce
1445 1336 1563 1377 πᾶς,
1598 1325 1643 1365 ut
1665 1322 1760 1365 Par.
1783 1322 1834 1375 X,

145 1397 224 1448 90;
258 1395 326 1446 XI,
359 1396 438 1447 77;
471 1394 556 1445 XII,
593 1393 698 1445 138;
730 1393 833 1444 XIII,
861 1395 935 1445 14;
958 1394 1038 1446 49;
1061 1391 1179 1448 54³).
1204 1393 1434 1436 Praeterea
1455 1393 1592 1436 semel
1615 1393 1835 1448 significat

148 1467 225 1517 „si
245 1479 287 1509 m
307 1466 364 1509 ul
413 1478 436 1508 c
455 1478 481 1508 u
500 1464 585 1515 m''‚
627 1475 690 1507 sc.
735 1469 817 1506 Par.
841 1468 941 1513 XIX,
967 1470 1059 1506 209:
1086 1465 1195 1512 ἅμα
1219 1471 1404 1515 καρπῷ
1447 1465 1473 1506 i.
1493 1476 1530 1507 e.
1569 1464 1698 1506 simul
1734 1475 1833 1506 cum

143 1537 311 1587 fructu;
355 1538 396 1578 et
438 1536 509 1578 bis
550 1534 834 1589 conjungitur
875 1547 974 1577 cum
1008 1531 1248 1589 adjectivo,
1281 1533 1402 1588 quod
1436 1534 1734 1589 compositum
1768 1536 1835 1576 est

145 1619 245 1649 cum
280 1607 612 1662 praepositione
645 1607 764 1651 σύν,
798 1617 860 1649 sc.
894 1610 977 1647 Par.
1004 1610 1104 1654 XIX,
1133 1611 1220 1647 135:
1259 1600 1348 1653 οἷς
1386 1605 1501 1652 ἅμα
1526 1608 1648 1653 κείνη

148 1688 235 1724 136:
273 1683 567 1731 σύγγονος
591 1675 644 1730 ἦν
670 1685 822 1732 Μαρὶη
846 1686 921 1720 καὶ
947 1681 1200 1729 ὁμώνυμος,
1235 1687 1325 1729 quo
1353 1677 1499 1717 tamen
1523 1675 1623 1717 lOCO
1645 1674 1834 1718 fortasse

144 1747 388 1802 significat:
424 1747 522 1799 „cui
555 1747 686 1789 simul
721 1750 910 1802 cognata
942 1748 984 1788 et
1016 1746 1299 1801 cognominis
1327 1744 1460 1796 erat''‚
1484 1746 1525 1787 et
1546 1749 1629 1786 Par.
1646 1748 1730 1793 XX,
1751 1751 1835 1786 117:

146 1824 262 1871 ἅμα
289 1830 452 1861 τοῖσι
486 1825 821 1871 συνέστιος.
854 1816 1045 1859 Verbum
1078 1822 1487 1872 παριππεύειν
1528 1816 1554 1858 ἰ.
1584 1827 1620 1858 e.
1661 1827 1834 1869 „equo

146 1888 545 1942 praetervehi'’
587 1888 775 1930 Nonnus
818 1888 1013 1939 adhibet,
1056 1889 1102 1930 ut
1143 1889 1320 1942 tempus
1358 1898 1481 1929 ruere
1514 1883 1728 1939 indicet⁴¹)
1760 1897 1835 1928 ea-

140 1958 337 2013 demque
368 1970 480 2001 voce
514 1971 602 2001 rem
636 1959 823 2001 eandem
857 1959 1145 2013 designantes
1178 1960 1356 2001 utuntur
1387 1958 1626 2012 scriptores
1649 1956 1836 1999 ecclesi-

145 2029 271 2072 astici
305 2031 347 2071 et
378 2030 534 2072 aetatis
566 2029 834 2084 Byzantinae
867 2031 1072 2072 auctores
1087 2026 1135 2082 ⁵).

205 2098 410 2143 Ceterum
444 2100 566 2153 quod
599 2100 752 2142 attinet
783 2100 840 2142 ad
873 2102 1134 2142 structuram
1168 2100 1402 2142 verborum

191 2180 275 2217 Par.
301 2179 401 2224 XIX,
430 2182 518 2217 145:
564 2174 731 2224 Ἰησοῦς
756 2175 896 2223 δ’ἅμα
921 2178 1066 2215 πάντα
1090 2177 1455 2226 παριππεύσαντα
1480 2176 1653 2223 νοήσας,

429 2252 516 2288 146;
565 2247 663 2286 ὅττι
698 2252 823 2295 θοῶς
860 2249 1106 2291 τετέλεστο,
1151 2242 1261 2284 satis
1295 2242 1400 2283 mire
1443 2242 1552 2283 haec
1585 2240 1703 2282 dicta
1735 2251 1834 2282 esse

143 2311 360 2354 videntur.
394 2309 439 2354 Si
472 2311 758 2354 solummodo
791 2313 1004 2367 scriptum
1039 2313 1183 2355 esset:
1215 2319 1393 2356 πάντα
1425 2317 1682 2364 νοήσας·),
1713 2315 1835 2354 ὅττι

144 2393 292 2436 θοῶς
324 2389 635 2432 τετέλεστο,
669 2395 739 2426 res
772 2386 892 2426 esset
922 2385 1095 2438 aperta;
1130 2383 1394 2425 haberemus
1417 2382 1533 2424 enim
1558 2381 1834 2423 notissimam

148 2452 267 2495 illam
302 2452 545 2507 prolepsim
580 2453 649 2495 vel
680 2454 1058 2508 anticipationem.
1092 2453 1220 2495 Nunc
1252 2464 1370 2503 vero,
1404 2463 1504 2494 cum
1537 2451 1735 2494 additum
1770 2453 1836 2494 est

196 2607 223 2652 ¹)
252 2608 310 2645 Cf.
344 2608 457 2646 Dion.
491 2609 591 2653 XIX,
626 2611 715 2647 219:
751 2615 835 2644 τοῖα
873 2609 1017 2654 Μάρων
1043 2608 1219 2655 ἐχάρασσε
1245 2608 1460 2651 πολύτροποι
1487 2606 1649 2642 δάκτυλοι
1674 2606 1834 2651 πάλλων,

551 2670 639 2705 225;
678 2668 896 2713 (Σειλήνου)
923 2668 1085 2713 σύμβολα
1110 2666 1309 2713 τεχνήεντα
1335 2665 1545 2711 κατέγραφε
1570 2663 1718 2711 σιγαλέη
1746 2666 1834 2711 χείρ.

193 2724 223 2769 ²)
251 2725 309 2761 Cf.
337 2725 439 2762 Guhl
466 2737 502 2763 u.
530 2728 668 2771 Koner,
697 2728 776 2764 Das
803 2728 929 2764 Leben
957 2731 1024 2763 der
1050 2726 1240 2764 Griechen
1269 2728 1348 2762 und
1374 2726 1524 2769 Romer,
1551 2724 1577 2770 ἓ
1603 2726 1659 2768 56,
1686 2736 1721 2770 p.
1747 2726 1835 2768 334;

144 2785 186 2819 Κ.
223 2784 366 2828 Kuiper
398 2795 433 2821 o.
452 2786 474 2820 l.
509 2796 544 2830 p.
579 2787 649 2822 343
672 2785 699 2830 ¹)
733 2789 955 2831 suspicatur
988 2787 1168 2822 Nonnum
1199 2796 1268 2830 pro
1295 2783 1457 2819 δάκτυλοι
1484 2786 1690 2830 scripsisse
1716 2783 1834 2818 ἄκυλα

145 2843 365 2886 militesque
390 2841 509 2886 τρύπα
536 2846 690 2881 lusisse.

194 2899 223 2945 ⁸)
251 2901 310 2937 Cf.
338 2902 447 2938 Hom.
475 2903 513 2939 Il.
540 2904 564 2947 1,
590 2905 677 2947 495;
704 2903 840 2947 XXIV,
866 2905 954 2947 253;
981 2903 1054 2940 Od.
1079 2902 1142 2946 XI,
1167 2904 1248 2939 232.
1407 2901 1437 2947 ⁴)
1464 2902 1523 2939 cf.
1550 2902 1633 2938 Par.
1661 2902 1705 2945 V,
1734 2903 1786 2938 12.

194 2958 223 3004 ⁶)
251 2960 309 2996 Cf.
344 2961 504 3002 Niceoh.
539 2962 636 2998 Hist.
671 2973 706 3007 p.
739 2963 774 3005 6,
803 2963 850 2998 B:
883 2959 1025 3006 Ὀλίγον
1060 2960 1099 2995 δὲ
1126 2959 1262 3006 χρόνου
1289 2960 1594 3001 ὃιιππεύσαντος,
1620 2960 1764 2997 pallad.
1791 2961 1836 2996 V.

142 3018 345 3063 chrysost.
373 3029 407 3063 p.
433 3020 497 3063 24;
526 3021 640 3057 Basil.
669 3021 744 3057 Sel.
773 3021 814 3056 V.
842 3021 1010 3057 Theclae
1037 3031 1071 3065 p.
1098 3021 1178 3064 289,
1206 3021 1257 3064 A;
1284 3021 1395 3056 Anna
1421 3019 1555 3056 Comn.
1583 3030 1618 3064 p.
1648 3021 1724 3063 114,
1751 3019 1796 3055 D.

194 3075 222 3121 ⁸)
246 3078 303 3124 Jo.
328 3076 428 3121 XlX,
454 3079 500 3114 28
526 3081 710 3124 scriptum
738 3080 880 3125 legitur
906 3078 1024 3121 εἰδώς,
1050 3080 1121 3115 sed
1147 3081 1253 3131 varia
1281 3080 1398 3115 lectio
1428 3077 1520 3115 EGa
1546 3079 1704 3115 exhibet
1732 3077 1834 3113 ἰδών.

1671 3150 1694 3185 9
