2180 3606
982 179 1038 221 93

322 305 425 351 (44):
477 305 686 351 Ναζαρεθ
710 305 736 349 ¹)
764 303 918 350 ναέτης
944 302 1119 340 τελὲθω
1147 306 1386 349 Γαλιλαῖος
1407 299 1585 349 Ἰησοῦς,
1612 307 1685 341 cet.

356 402 423 438 34:
1039 400 1112 434 καὶ
1139 396 1198 444 ὡς
1223 396 1474 444 ἐφθέγξατο
1500 401 1595 445 λαῷ

355 468 422 502 35;
473 461 736 510 ἁβροχίτων,
765 460 974 510 ἀσίδηρος
1001 461 1111 509 ἄναξ
1135 462 1344 511 ῥηξήνορι
1370 467 1510 509 φωνῇ·

321 528 423 573 (44);
475 527 686 574 Ναζαρὲθ·
711 526 867 572 ναέτης
892 527 1067 563 τελὲθω
1096 530 1334 573 Γαλιλαῖος
1356 523 1535 573 Ἰησοῦς·
1562 530 1635 565 cet.

355 625 422 659 43:
467 617 634 666 Ἰησοῦς
659 617 919 667 δ’ἀγόρευεν
945 619 1204 668 ἀδειμάντῳ
1231 623 1320 657 τινὶ
1347 626 1486 667 φωνῇ·

354 689 422 724 44:
473 684 684 732 Ναζαρὲθ
709 684 865 731 ναέτης
890 685 1066 721 τελέθω
1095 688 1333 731 Γαλιλαῖος
1355 682 1531 731 Ἰησοῦς,

354 754 422 788 45:
468 746 633 795 Ἰησοῦς
660 753 899 795 Γαλιλαῖος
925 748 1009 796 ἐγὼ
1035 749 1184 786 πέλον.

168 835 301 877 Facio
345 836 475 891 igitur
516 847 615 877 cum
659 833 931 886 Scheindler,
976 836 1051 890 qui
1093 848 1267 878 versum
1300 836 1358 877 44
1391 837 1494 890 post
1526 847 1564 877 v.
1598 834 1654 877 35
1688 834 1853 888 posuit,

167 906 247 949 sed
281 907 410 948 etiam
440 908 542 961 post
565 918 604 948 v.
628 906 677 948 31
711 908 751 948 et
774 918 856 949 suo
881 906 981 949 loco
1004 919 1044 948 v.
1067 907 1125 948 44
1149 918 1247 948 eum
1272 906 1508 960 legendum
1532 916 1631 948 esse
1655 905 1852 947 arbitror.

226 975 455 1018 Postremo
489 977 777 1031 paraphrasta
809 979 952 1019 narrat
984 977 1146 1019 milites
1179 987 1346 1031 pronos
1379 977 1422 1017 in
1456 964 1611 1018 terram
1635 974 1854 1018 cecidisse

214 1057 297 1093 Par.
324 1057 452 1101 XVIII,
478 1058 546 1093 36:
595 1055 756 1101 πάντες
781 1051 844 1091 ἐπ’
877 1053 1111 1101 ἀλλήλοισι
1135 1053 1392 1100 μαχήμονες
1417 1052 1688 1090 &sandaracae

479 1124 546 1158 37:
597 1117 846 1164 αὐτόματοι
872 1122 1105 1165 πίπτοντες
1131 1118 1453 1167 ἐπεστόρνυντο
1479 1120 1604 1166 κονίῃ

481 1188 548 1223 38;
597 1185 832 1232 πρηνέες,
860 1184 1175 1232 οἰστρηθέντες
1201 1182 1380 1229 ἀτευχέι
1406 1185 1591 1220 λαίλαπι
1618 1188 1779 1229 φωνῆς.

168 1256 332 1301 COn‘tra
368 1258 562 1313 Joanl‘leS
605 1259 734 1300 diest:
778 1265 988 1313 ἀπῆλθαν
1027 1266 1089 1312 εἰς
1113 1267 1168 1302 τὰ
1195 1265 1337 1302 ὀπίσω
1361 1268 1435 1302 καὶ
1462 1263 1622 1302 ἔπεσαν
1647 1267 1789 1311 χαμαί
1812 1266 1856 1311 ¹).

168 1329 231 1370 Ex
254 1329 322 1371 his
344 1329 493 1371 verbis
516 1329 703 1371 efficitur
720 1330 839 1383 apud
855 1328 1069 1383 Joannem
1089 1329 1251 1371 milites
1269 1329 1459 1382 supinos
1478 1328 1711 1371 cecidisse.
1731 1327 1855 1378 Nam,

167 1400 243 1453 qui
285 1400 459 1441 territus
501 1401 614 1441 retro
657 1399 786 1451 cedit,
830 1412 918 1442 non
965 1411 1133 1454 pronus
1165 1399 1245 1442 sed
1278 1399 1469 1454 supinus
1503 1399 1633 1441 cadit.
1668 1398 1856 1440 Nonnus

166 1472 311 1512 autem
355 1471 514 1512 omittIt
554 1471 711 1513 verba:
745 1477 957 1527 ἀπῆλθαν
982 1478 1044 1524 εἰς
1070 1479 1126 1514 τὰ
1151 1476 1292 1514 ὀπίσω
1326 1472 1367 1512 et
1398 1470 1518 1525 apud
1553 1482 1652 1512 eum
1687 1469 1855 1523 proni

167 1541 389 1583 cadunt.
434 1540 548 1583 Num
592 1541 780 1584 fortasse
825 1541 1020 1584 indicare
1054 1541 1194 1583 voluit
1227 1541 1402 1591 milites,
1438 1541 1643 1594 quamvis
1677 1541 1854 1590 invitos,

167 1612 204 1654 si
238 1612 384 1654 minus
412 1604 554 1654 mente
579 1613 723 1654 tamen
747 1623 935 1666 corpore
959 1610 1182 1655 Christum
1211 1611 1505 1654 adoravisse?
1540 1611 1717 1665 Ubique
1741 1612 1856 1653 enim

168 1682 212 1724 id
246 1682 347 1737 agit,
381 1685 427 1725 ut
457 1683 732 1725 divinitatem
760 1683 865 1737 Jesu
900 1695 1031 1736 quam
1067 1683 1255 1724 maxime
1289 1683 1508 1736 insignem
1542 1681 1687 1724 faciat.
1717 1693 1857 1737 Προσ-

166 1759 344 1807 κύνησις
366 1754 514 1808 itaque
537 1766 562 1796 a
586 1754 801 1796 militibus
821 1754 936 1796 facta
959 1750 1081 1807 est-³).
1117 1753 1169 1795 Hi
1196 1753 1357 1796 milites
1379 1753 1541 1795 Nonno
1562 1751 1716 1807 Judaei
1742 1754 1856 1794 sunt.

169 1823 296 1867 Unde
330 1825 487 1866 mirum
522 1837 610 1867 non
644 1827 710 1867 est
742 1836 820 1867 eos
854 1823 1016 1868 Christi
1051 1824 1257 1866 inimicos
1275 1821 1307 1877 4)
1340 1823 1570 1878 appellari,
1599 1823 1856 1877 praesertim

168 1906 267 1936 cum
301 1895 558 1937 sacerdotes
591 1907 691 1937 cum
725 1896 779 1937 iis
813 1895 1038 1937 commixti
1074 1897 1235 1937 essent.

227 1964 432 2020 Denique
466 1966 770 2007 animadverto

214 2046 297 2083 Par.
317 2047 445 2090 XVIII,
462 2048 523 2083 50:
543 2043 717 2081 τούτων
735 2042 871 2081 οὐδὲν
885 2043 1042 2085 ὄλωλε,
1061 2043 1116 2079 τά
1131 2056 1210 2088 μοι
1225 2043 1367 2091 πάρες,
1393 2036 1628 2077 lectionem
1649 2035 1856 2077 codicum
1880 2036 1883 2039 ¹

167 2113 341 2151 ὄλωλε
374 2108 469 2150 sine
505 2107 592 2149 ulla
626 2108 900 2150 dubitatione
924 2107 1187 2150 servandam
1212 2117 1325 2157 esse,
1350 2107 1554 2160 quamvis
1579 2117 1735 2148 omnes
1757 2106 1856 2147 ante

163 2177 376 2232 Juvenem
404 2179 624 2221 editiones
647 2179 920 2233 scripserunt
942 2184 1107 2222 ὄλωλα.
1131 2175 1412 2231 Quamquam
1433 2178 1548 2219 enirn
1568 2177 1857 2231 paraphrasta

168 2249 396 2302 paululum
438 2249 631 2291 declinat
675 2261 762 2291 non
805 2261 830 2291 a
873 2249 1104 2299 sententia,
1148 2247 1227 2290 sed
1266 2259 1290 2289 a
1323 2248 1471 2290 verbis
1504 2247 1747 2302 evangelii:
1781 2252 1860 2300 οὓς

167 2325 368 2372 δέδωκάς
399 2340 492 2372 μοι,
527 2325 609 2364 οὐκ
643 2326 851 2364 ἀπώλεσα
886 2325 932 2373 ἐξ
966 2324 1115 2363 αὐτῶν
1150 2324 1316 2363 οὐδένα
1335 2326 1378 2372 ⁶),
1422 2320 1567 2360 tamen
1611 2328 1766 2359 VerSUS
1803 2317 1860 2359 50

168 2390 452 2443 paraphrasis
484 2391 668 2432 verbum
703 2391 1026 2432 intransitivum
1061 2389 1283 2432 desiderat
1308 2401 1396 2430 non
1421 2389 1586 2443 primae
1605 2387 1685 2430 sed
1706 2387 1858 2429 tertiae

168 2471 399 2514 personae.
439 2467 618 2505 Ὄλωλα
660 2462 776 2503 enim
819 2460 1040 2515 significat
1084 2460 1265 2515 „perii'',
1310 2471 1398 2501 non
1431 2460 1575 2501 autern
1612 2456 1857 2513 „perdidi'’.

169 2528 384 2574 Conferas
408 2543 577 2586 quaeso
601 2531 695 2574 Par.
719 2531 843 2583 XVII,
865 2533 935 2582 41,
960 2532 1035 2573 ubi
1061 2531 1217 2586 legitur
1240 2535 1422 2579 ὤλετο,
1447 2541 1546 2572 cum
1562 2528 1627 2584 Jo.
1646 2527 1769 2580 XVII,
1794 2529 1857 2579 12,

169 2612 260 2655 quo
292 2607 495 2646 ἀπώλετο
528 2603 740 2657 scripturn
775 2605 853 2645 est.

224 2717 250 2761 ¹)
278 2717 336 2754 Cf.
363 2729 398 2754 n.
423 2719 480 2754 57.
1111 2716 1140 2761 ²)
1164 2718 1220 2763 Jo.
1249 2716 1379 2759 XVIII,
1404 2717 1438 2752 6.

221 2774 249 2820 ⁸)
278 2776 320 2812 Κ.
347 2776 500 2822 Kuiper,
526 2787 560 2813 0.
583 2777 618 2821 1.,
645 2787 681 2822 p.
707 2777 777 2813 384
794 2787 878 2822 sqq.
905 2777 1004 2812 hanc
1030 2776 1296 2812 adorationem
1324 2775 1519 2811 subtiliter
1545 2775 1582 2810 et
1609 2773 1860 2818 probabiliter

169 2836 328 2880 exponit
342 2836 389 2871 de
405 2837 592 2881 religione
607 2836 850 2882 Aegyptiaca
867 2835 1022 2872 Christo
1041 2835 1210 2871 Domino
1229 2834 1350 2869 invita
1368 2833 1541 2869 cedente.
1561 2832 1624 2869 Sic
1639 2833 1686 2868 de
1701 2833 1859 2868 laternis

169 2897 282 2933 djcit:
312 2896 494 2937 „Kunnen
522 2895 587 2931 dat
612 2895 754 2931 andere
780 2896 933 2939 lampen
960 2894 1035 2938 zijn
1062 2894 1135 2929 dan
1163 2893 1210 2928 de
1230 2893 1400 2928 luchters
1419 2892 1456 2927 in
1476 2892 1549 2928 den
1567 2891 1859 2936 Aegyptischen

169 2956 386 2992 eeredienst
412 2954 563 2991 bekend
575 2953 619 2990 '?”
646 2956 684 2990 et
709 2954 756 2990 de
783 2954 1035 2990 lanternario:
1064 2953 1133 2996 „de
1159 2952 1473 2997 lantaarndrager
1499 2961 1573 2987 van
1600 2949 1756 2995 Sarapis
1783 2950 1860 2986 met

170 3014 243 3050 den
270 3013 563 3050 sterrenmantel
589 3013 787 3049 abdiceert
813 3013 876 3048 ten
904 3013 1043 3058 gunste
1070 3021 1144 3047 van
1171 3011 1245 3047 den
1272 3009 1485 3046 Christus’'.

221 3071 250 3117 ⁴)
278 3070 470 3116 Δυσμενής
489 3073 525 3108 in
545 3071 628 3108 Par.
647 3069 692 3116 †;
713 3071 825 3107 Dion.
845 3071 941 3115 XXI,
955 3072 1012 3107 85.
1113 3068 1141 3114 Ε)
1165 3070 1221 3116 Jo.
1250 3069 1379 3113 XVIII,
1406 3069 1439 3105 9.
