<?xml version="1.0" encoding="UTF-8"?>
<!DOCTYPE html PUBLIC "-//W3C//DTD XHTML 1.0 Transitional//EN"
    "http://www.w3.org/TR/xhtml1/DTD/xhtml1-transitional.dtd">
<html xmlns="http://www.w3.org/1999/xhtml" xml:lang="en" lang="en">
 <head>
  <title>
</title>
<meta http-equiv="Content-Type" content="text/html;charset=utf-8" />
  <meta name='ocr-system' content='tesseract 3.04.00' />
  <meta name='ocr-capabilities' content='ocr_page ocr_carea ocr_par ocr_line ocrx_word'/>
</head>
<body>
  <div class='ocr_page' id='page_1' title='image "./quaestionesnonni00preluoft_0049.png"; bbox 0 0 2180 3606; ppageno 0'>
   <div class='ocr_carea' id='block_1_1' title="bbox 948 224 996 265">
    <p class='ocr_par' dir='ltr' id='par_1_1' title="bbox 948 224 996 265">
     <span class='ocr_line' id='line_1_1' title="bbox 948 224 996 265; baseline -0.021 0"><span class='ocrx_word' id='word_1_1' title='bbox 948 224 996 265; x_wconf 85' lang='lat'>31</span> 
     </span>
    </p>
   </div>
   <div class='ocr_carea' id='block_1_2' title="bbox 133 349 1824 2105">
    <p class='ocr_par' dir='ltr' id='par_1_2' title="bbox 133 349 1824 2105">
     <span class='ocr_line' id='line_1_2' title="bbox 134 349 1816 412; baseline -0.006 -12"><span class='ocrx_word' id='word_1_2' title='bbox 134 369 213 412; x_wconf 91' lang='lat' dir='ltr'>pro</span> <span class='ocrx_word' id='word_1_3' title='bbox 257 355 436 411; x_wconf 88' lang='lat' dir='ltr'>cingulo</span> <span class='ocrx_word' id='word_1_4' title='bbox 479 366 574 397; x_wconf 88' lang='lat' dir='ltr'>eam</span> <span class='ocrx_word' id='word_1_5' title='bbox 616 353 848 396; x_wconf 85' lang='lat' dir='ltr'>succinxit.</span> <span class='ocrx_word' id='word_1_6' title='bbox 896 352 1112 406; x_wconf 84' lang='lat' dir='ltr'>Equidem</span> <span class='ocrx_word' id='word_1_7' title='bbox 1157 352 1268 394; x_wconf 88' lang='lat' dir='ltr'>hanc</span> <span class='ocrx_word' id='word_1_8' title='bbox 1311 350 1560 393; x_wconf 87' lang='lat' dir='ltr'>versionem</span> <span class='ocrx_word' id='word_1_9' title='bbox 1600 349 1816 403; x_wconf 76' lang='lat' dir='ltr'>praeferre</span> 
     </span>
     <span class='ocr_line' id='line_1_3' title="bbox 134 420 1817 477; baseline -0.005 -8"><span class='ocrx_word' id='word_1_10' title='bbox 134 439 222 470; x_wconf 93' lang='lat' dir='ltr'>non</span> <span class='ocrx_word' id='word_1_11' title='bbox 256 426 425 477; x_wconf 73' lang='lat' dir='ltr'>dubim,</span> <span class='ocrx_word' id='word_1_12' title='bbox 460 426 517 468; x_wconf 90' lang='lat' dir='ltr'>ita</span> <span class='ocrx_word' id='word_1_13' title='bbox 541 426 586 466; x_wconf 91' lang='lat' dir='ltr'>ut</span> <span class='ocrx_word' id='word_1_14' title='bbox 607 423 794 466; x_wconf 91' lang='lat' dir='ltr'>Nonnus</span> <span class='ocrx_word' id='word_1_15' title='bbox 817 424 902 465; x_wconf 87' lang='lat' dir='ltr'>hoc</span> <span class='ocrx_word' id='word_1_16' title='bbox 921 423 1087 464; x_wconf 90' lang='lat' dir='ltr'>dictum</span> <span class='ocrx_word' id='word_1_17' title='bbox 1105 422 1316 464; x_wconf 88' lang='lat' dir='ltr'>voluerit:</span> <span class='ocrx_word' id='word_1_18' title='bbox 1348 420 1613 463; x_wconf 89' lang='lat' dir='ltr'>vestimento</span> <span class='ocrx_word' id='word_1_19' title='bbox 1638 420 1817 461; x_wconf 91' lang='lat' dir='ltr'>madido</span> 
     </span>
     <span class='ocr_line' id='line_1_4' title="bbox 134 490 1818 552; baseline -0.005 -13"><span class='ocrx_word' id='word_1_20' title='bbox 134 509 213 552; x_wconf 89' lang='lat' dir='ltr'>pro</span> <span class='ocrx_word' id='word_1_21' title='bbox 246 496 425 551; x_wconf 86' lang='lat' dir='ltr'>cingulo</span> <span class='ocrx_word' id='word_1_22' title='bbox 459 495 635 537; x_wconf 89' lang='lat' dir='ltr'>lumbos</span> <span class='ocrx_word' id='word_1_23' title='bbox 668 493 973 536; x_wconf 86' lang='lat' dir='ltr'>circumcinxit</span> <span class='ocrx_word' id='word_1_24' title='bbox 1006 491 1160 535; x_wconf 87' lang='lat' dir='ltr'>Simon</span> <span class='ocrx_word' id='word_1_25' title='bbox 1195 494 1236 534; x_wconf 93' lang='lat' dir='ltr'>et</span> <span class='ocrx_word' id='word_1_26' title='bbox 1259 491 1376 534; x_wconf 92' lang='lat' dir='ltr'>lineo</span> <span class='ocrx_word' id='word_1_27' title='bbox 1401 490 1818 532; x_wconf 84' lang='lat' dir='ltr'>contexeratmulti-</span> 
     </span>
     <span class='ocr_line' id='line_1_5' title="bbox 133 560 1818 621; baseline -0.005 -11"><span class='ocrx_word' id='word_1_28' title='bbox 133 569 228 610; x_wconf 83' lang='lat' dir='ltr'>foro</span> <span class='ocrx_word' id='word_1_29' title='bbox 271 578 435 621; x_wconf 91' lang='lat' dir='ltr'>corpus</span> <span class='ocrx_word' id='word_1_30' title='bbox 476 565 752 608; x_wconf 88' lang='lat' dir='ltr'>vestimento.</span> <span class='ocrx_word' id='word_1_31' title='bbox 798 562 921 606; x_wconf 88' lang='lat' dir='ltr'>Duas</span> <span class='ocrx_word' id='word_1_32' title='bbox 966 564 1096 618; x_wconf 90' lang='lat' dir='ltr'>igitur</span> <span class='ocrx_word' id='word_1_33' title='bbox 1139 564 1338 606; x_wconf 84' lang='lat' dir='ltr'>actiones</span> <span class='ocrx_word' id='word_1_34' title='bbox 1371 561 1582 604; x_wconf 87' lang='lat' dir='ltr'>describit</span> <span class='ocrx_word' id='word_1_35' title='bbox 1614 560 1818 602; x_wconf 90' lang='lat' dir='ltr'>versibus</span> 
     </span>
     <span class='ocr_line' id='line_1_6' title="bbox 134 630 1818 688; baseline -0.005 -8"><span class='ocrx_word' id='word_1_36' title='bbox 134 638 324 680; x_wconf 91' lang='lat' dir='ltr'>duobus.</span> <span class='ocrx_word' id='word_1_37' title='bbox 345 635 433 680; x_wconf 86' lang='lat' dir='ltr'>Sed</span> <span class='ocrx_word' id='word_1_38' title='bbox 456 635 654 678; x_wconf 87' lang='lat' dir='ltr'>ordinem</span> <span class='ocrx_word' id='word_1_39' title='bbox 680 635 997 688; x_wconf 89' lang='lat' dir='ltr'>descriptarum</span> <span class='ocrx_word' id='word_1_40' title='bbox 1019 634 1242 676; x_wconf 90' lang='lat' dir='ltr'>actionum</span> <span class='ocrx_word' id='word_1_41' title='bbox 1268 632 1453 675; x_wconf 92' lang='lat' dir='ltr'>invertit.</span> <span class='ocrx_word' id='word_1_42' title='bbox 1473 631 1534 673; x_wconf 85' lang='lat' dir='ltr'>Ea</span> <span class='ocrx_word' id='word_1_43' title='bbox 1551 630 1606 672; x_wconf 92' lang='lat' dir='ltr'>de</span> <span class='ocrx_word' id='word_1_44' title='bbox 1625 642 1668 673; x_wconf 89' lang='lat' dir='ltr'>re</span> <span class='ocrx_word' id='word_1_45' title='bbox 1687 641 1818 672; x_wconf 88' lang='lat' dir='ltr'>versu</span> 
     </span>
     <span class='ocr_line' id='line_1_7' title="bbox 134 702 1820 764; baseline -0.005 -13"><span class='ocrx_word' id='word_1_46' title='bbox 134 709 266 764; x_wconf 88' lang='lat' dir='ltr'>priori</span> <span class='ocrx_word' id='word_1_47' title='bbox 316 708 497 750; x_wconf 82' lang='lat' dir='ltr'>adhibet</span> <span class='ocrx_word' id='word_1_48' title='bbox 540 707 767 757; x_wconf 89' lang='lat' dir='ltr'>aoristum,</span> <span class='ocrx_word' id='word_1_49' title='bbox 806 717 935 747; x_wconf 89' lang='lat' dir='ltr'>versu</span> <span class='ocrx_word' id='word_1_50' title='bbox 968 704 1168 747; x_wconf 91' lang='lat' dir='ltr'>secundo</span> <span class='ocrx_word' id='word_1_51' title='bbox 1201 706 1378 758; x_wconf 90' lang='lat' dir='ltr'>tempus</span> <span class='ocrx_word' id='word_1_52' title='bbox 1418 714 1518 745; x_wconf 93' lang='lat' dir='ltr'>vere</span> <span class='ocrx_word' id='word_1_53' title='bbox 1557 702 1820 756; x_wconf 89' lang='lat' dir='ltr'>plusquam-</span> 
     </span>
     <span class='ocr_line' id='line_1_8' title="bbox 135 771 1821 834; baseline -0.005 -13"><span class='ocrx_word' id='word_1_54' title='bbox 135 779 389 834; x_wconf 77' lang='lat' dir='ltr'>perfectum.</span> <span class='ocrx_word' id='word_1_55' title='bbox 434 777 492 820; x_wconf 88' lang='lat' dir='ltr'>lta</span> <span class='ocrx_word' id='word_1_56' title='bbox 528 777 762 827; x_wconf 87' lang='lat' dir='ltr'>actionem,</span> <span class='ocrx_word' id='word_1_57' title='bbox 796 787 884 830; x_wconf 88' lang='lat' dir='ltr'>qua</span> <span class='ocrx_word' id='word_1_58' title='bbox 918 775 1094 818; x_wconf 89' lang='lat' dir='ltr'>lumbos</span> <span class='ocrx_word' id='word_1_59' title='bbox 1128 774 1306 829; x_wconf 85' lang='lat' dir='ltr'>cingulo</span> <span class='ocrx_word' id='word_1_60' title='bbox 1339 773 1558 816; x_wconf 88' lang='lat' dir='ltr'>succinxit</span> <span class='ocrx_word' id='word_1_61' title='bbox 1592 771 1745 814; x_wconf 85' lang='lat' dir='ltr'>Petrus</span> <span class='ocrx_word' id='word_1_62' title='bbox 1780 772 1821 813; x_wconf 93' lang='lat' dir='ltr'>et</span> 
     </span>
     <span class='ocr_line' id='line_1_9' title="bbox 135 842 1820 904; baseline -0.005 -12"><span class='ocrx_word' id='word_1_63' title='bbox 135 861 248 904; x_wconf 91' lang='lat' dir='ltr'>quae</span> <span class='ocrx_word' id='word_1_64' title='bbox 281 851 479 903; x_wconf 89' lang='lat' dir='ltr'>tempore</span> <span class='ocrx_word' id='word_1_65' title='bbox 512 847 730 902; x_wconf 84' lang='lat' dir='ltr'>posterior</span> <span class='ocrx_word' id='word_1_66' title='bbox 763 848 843 897; x_wconf 89' lang='lat' dir='ltr'>est,</span> <span class='ocrx_word' id='word_1_67' title='bbox 867 846 950 888; x_wconf 90' lang='lat' dir='ltr'>sub</span> <span class='ocrx_word' id='word_1_68' title='bbox 975 845 1132 887; x_wconf 93' lang='lat' dir='ltr'>oculos</span> <span class='ocrx_word' id='word_1_69' title='bbox 1156 844 1288 887; x_wconf 87' lang='lat' dir='ltr'>nobis</span> <span class='ocrx_word' id='word_1_70' title='bbox 1316 843 1507 898; x_wconf 87' lang='lat' dir='ltr'>subjicit,</span> <span class='ocrx_word' id='word_1_71' title='bbox 1527 842 1607 885; x_wconf 91' lang='lat' dir='ltr'>sed</span> <span class='ocrx_word' id='word_1_72' title='bbox 1625 842 1820 892; x_wconf 90' lang='lat' dir='ltr'>alteram,</span> 
     </span>
     <span class='ocr_line' id='line_1_10' title="bbox 135 913 1820 974; baseline -0.005 -12"><span class='ocrx_word' id='word_1_73' title='bbox 135 932 223 974; x_wconf 90' lang='lat' dir='ltr'>qua</span> <span class='ocrx_word' id='word_1_74' title='bbox 264 920 456 962; x_wconf 84' lang='lat' dir='ltr'>tunicam</span> <span class='ocrx_word' id='word_1_75' title='bbox 501 918 713 960; x_wconf 88' lang='lat' dir='ltr'>citissime</span> <span class='ocrx_word' id='word_1_76' title='bbox 756 916 897 958; x_wconf 90' lang='lat' dir='ltr'>induit</span> <span class='ocrx_word' id='word_1_77' title='bbox 940 915 1093 958; x_wconf 86' lang='lat' dir='ltr'>Petrus</span> <span class='ocrx_word' id='word_1_78' title='bbox 1138 916 1179 957; x_wconf 92' lang='lat' dir='ltr'>et</span> <span class='ocrx_word' id='word_1_79' title='bbox 1212 926 1325 968; x_wconf 91' lang='lat' dir='ltr'>quae</span> <span class='ocrx_word' id='word_1_80' title='bbox 1358 916 1556 967; x_wconf 89' lang='lat' dir='ltr'>tempore</span> <span class='ocrx_word' id='word_1_81' title='bbox 1590 913 1708 968; x_wconf 89' lang='lat' dir='ltr'>prior</span> <span class='ocrx_word' id='word_1_82' title='bbox 1741 914 1820 962; x_wconf 91' lang='lat' dir='ltr'>est,</span> 
     </span>
     <span class='ocr_line' id='line_1_11' title="bbox 133 983 1821 1046; baseline -0.005 -13"><span class='ocrx_word' id='word_1_83' title='bbox 133 991 220 1046; x_wconf 75' lang='lat' dir='ltr'>iarn</span> <span class='ocrx_word' id='word_1_84' title='bbox 254 990 411 1033; x_wconf 82' lang='lat' dir='ltr'>factam</span> <span class='ocrx_word' id='word_1_85' title='bbox 446 1000 545 1032; x_wconf 89' lang='lat' dir='ltr'>esse</span> <span class='ocrx_word' id='word_1_86' title='bbox 576 988 714 1042; x_wconf 91' lang='lat' dir='ltr'>ponit,</span> <span class='ocrx_word' id='word_1_87' title='bbox 749 988 806 1030; x_wconf 90' lang='lat' dir='ltr'>ita</span> <span class='ocrx_word' id='word_1_88' title='bbox 834 989 879 1029; x_wconf 90' lang='lat' dir='ltr'>ut</span> <span class='ocrx_word' id='word_1_89' title='bbox 904 985 1078 1029; x_wconf 87' lang='lat' dir='ltr'>Petrum</span> <span class='ocrx_word' id='word_1_90' title='bbox 1104 985 1280 1028; x_wconf 91' lang='lat' dir='ltr'>lumbos</span> <span class='ocrx_word' id='word_1_91' title='bbox 1303 986 1551 1040; x_wconf 87' lang='lat' dir='ltr'>cingentem</span> <span class='ocrx_word' id='word_1_92' title='bbox 1575 983 1821 1034; x_wconf 91' lang='lat' dir='ltr'>videamus,</span> 
     </span>
     <span class='ocr_line' id='line_1_12' title="bbox 135 1053 1822 1108; baseline -0.004 -5"><span class='ocrx_word' id='word_1_93' title='bbox 135 1061 326 1103; x_wconf 88' lang='lat' dir='ltr'>tunicam</span> <span class='ocrx_word' id='word_1_94' title='bbox 361 1060 614 1102; x_wconf 90' lang='lat' dir='ltr'>induentem</span> <span class='ocrx_word' id='word_1_95' title='bbox 650 1070 737 1100; x_wconf 94' lang='lat' dir='ltr'>non</span> <span class='ocrx_word' id='word_1_96' title='bbox 770 1058 1025 1100; x_wconf 90' lang='lat' dir='ltr'>viderimus.</span> <span class='ocrx_word' id='word_1_97' title='bbox 1059 1055 1290 1098; x_wconf 82' lang='lat' dir='ltr'>Adductus</span> <span class='ocrx_word' id='word_1_98' title='bbox 1324 1067 1435 1106; x_wconf 91' lang='lat' dir='ltr'>sum,</span> <span class='ocrx_word' id='word_1_99' title='bbox 1465 1057 1509 1097; x_wconf 91' lang='lat' dir='ltr'>ut</span> <span class='ocrx_word' id='word_1_100' title='bbox 1532 1055 1644 1097; x_wconf 88' lang='lat' dir='ltr'>hanc</span> <span class='ocrx_word' id='word_1_101' title='bbox 1669 1053 1822 1108; x_wconf 86' lang='lat' dir='ltr'>expla-</span> 
     </span>
     <span class='ocr_line' id='line_1_13' title="bbox 135 1126 1821 1186; baseline -0.005 -12"><span class='ocrx_word' id='word_1_102' title='bbox 135 1132 357 1174; x_wconf 90' lang='lat' dir='ltr'>nationem</span> <span class='ocrx_word' id='word_1_103' title='bbox 392 1130 654 1186; x_wconf 80' lang='lat' dir='ltr'>praeferrem</span> <span class='ocrx_word' id='word_1_104' title='bbox 690 1129 868 1183; x_wconf 90' lang='lat' dir='ltr'>propria</span> <span class='ocrx_word' id='word_1_105' title='bbox 901 1139 1060 1170; x_wconf 92' lang='lat' dir='ltr'>vocum</span> <span class='ocrx_word' id='word_1_106' title='bbox 1094 1129 1135 1169; x_wconf 89' lang='lat' dir='ltr'>et</span> <span class='ocrx_word' id='word_1_107' title='bbox 1168 1126 1404 1169; x_wconf 84' lang='lat' dir='ltr'>formarum</span> <span class='ocrx_word' id='word_1_108' title='bbox 1428 1126 1470 1167; x_wconf 92' lang='lat' dir='ltr'>vi</span> <span class='ocrx_word' id='word_1_109' title='bbox 1494 1127 1626 1179; x_wconf 90' lang='lat' dir='ltr'>atque</span> <span class='ocrx_word' id='word_1_110' title='bbox 1655 1127 1821 1167; x_wconf 90' lang='lat' dir='ltr'>natura.</span> 
     </span>
     <span class='ocr_line' id='line_1_14' title="bbox 135 1195 1821 1255; baseline -0.005 -9"><span class='ocrx_word' id='word_1_111' title='bbox 135 1201 208 1246; x_wconf 93' lang='lat' dir='ltr'>Sic</span> <span class='ocrx_word' id='word_1_112' title='bbox 257 1203 373 1245; x_wconf 90' lang='lat' dir='ltr'>enim</span> <span class='ocrx_word' id='word_1_113' title='bbox 422 1201 563 1255; x_wconf 85' lang='lat' dir='ltr'>magis</span> <span class='ocrx_word' id='word_1_114' title='bbox 612 1199 804 1254; x_wconf 89' lang='lat' dir='ltr'>simplici</span> <span class='ocrx_word' id='word_1_115' title='bbox 848 1200 889 1241; x_wconf 89' lang='lat' dir='ltr'>et</span> <span class='ocrx_word' id='word_1_116' title='bbox 930 1198 1121 1242; x_wconf 86' lang='lat' dir='ltr'>evidenti</span> <span class='ocrx_word' id='word_1_117' title='bbox 1163 1198 1329 1240; x_wconf 88' lang='lat' dir='ltr'>ratione</span> <span class='ocrx_word' id='word_1_118' title='bbox 1359 1196 1633 1251; x_wconf 88' lang='lat' dir='ltr'>explicantur</span> <span class='ocrx_word' id='word_1_119' title='bbox 1664 1195 1821 1237; x_wconf 90' lang='lat' dir='ltr'>verba:</span> 
     </span>
     <span class='ocr_line' id='line_1_15' title="bbox 135 1266 1824 1327; baseline -0.006 -9"><span class='ocrx_word' id='word_1_120' title='bbox 135 1280 374 1327; x_wconf 79' lang='grc' dir='ltr'><strong><em>λαγόνας</em></strong></span> <span class='ocrx_word' id='word_1_121' title='bbox 398 1276 717 1327; x_wconf 72' lang='grc' dir='ltr'><strong><em>μιτρώσατο</em></strong></span> <span class='ocrx_word' id='word_1_122' title='bbox 752 1271 778 1313; x_wconf 90' lang='lat' dir='ltr'>i.</span> <span class='ocrx_word' id='word_1_123' title='bbox 803 1281 839 1312; x_wconf 94' lang='lat' dir='ltr'>e.</span> <span class='ocrx_word' id='word_1_124' title='bbox 876 1269 1066 1320; x_wconf 89' lang='lat' dir='ltr'>lumbos,</span> <span class='ocrx_word' id='word_1_125' title='bbox 1100 1280 1188 1310; x_wconf 94' lang='lat' dir='ltr'>non</span> <span class='ocrx_word' id='word_1_126' title='bbox 1223 1269 1360 1310; x_wconf 92' lang='lat' dir='ltr'>totum</span> <span class='ocrx_word' id='word_1_127' title='bbox 1395 1278 1573 1322; x_wconf 90' lang='lat' dir='ltr'>corpus,</span> <span class='ocrx_word' id='word_1_128' title='bbox 1606 1278 1706 1309; x_wconf 87' lang='lat' dir='ltr'>vere</span> <span class='ocrx_word' id='word_1_129' title='bbox 1740 1266 1824 1308; x_wconf 91' lang='lat' dir='ltr'>cir-</span> 
     </span>
     <span class='ocr_line' id='line_1_16' title="bbox 136 1340 1823 1394; baseline -0.003 -8"><span class='ocrx_word' id='word_1_130' title='bbox 136 1344 388 1394; x_wconf 73' lang='lat' dir='ltr'>cumcinxit,</span> <span class='ocrx_word' id='word_1_131' title='bbox 439 1354 526 1385; x_wconf 86' lang='lat' dir='ltr'>non</span> <span class='ocrx_word' id='word_1_132' title='bbox 575 1341 729 1392; x_wconf 73' lang='lat' dir='ltr'>induit,</span> <span class='ocrx_word' id='word_1_133' title='bbox 775 1343 815 1383; x_wconf 72' lang='lat' dir='ltr'>et</span> <span class='ocrx_word' id='word_1_134' title='bbox 862 1340 1107 1382; x_wconf 75' lang='lat' dir='ltr'>vocabulo:</span> <span class='ocrx_word' id='word_1_135' title='bbox 1155 1346 1288 1394; x_wconf 79' lang='grc' dir='ltr'><em>λινέῳ</em></span> <span class='ocrx_word' id='word_1_136' title='bbox 1326 1343 1674 1382; x_wconf 76' lang='grc' dir='ltr'><em>πεπύκαστο</em></span> <span class='ocrx_word' id='word_1_137' title='bbox 1711 1344 1823 1393; x_wconf 88' lang='grc' dir='ltr'><strong><em>χρόα</em></strong></span> 
     </span>
     <span class='ocr_line' id='line_1_17' title="bbox 135 1408 1824 1470; baseline -0.006 -11"><span class='ocrx_word' id='word_1_138' title='bbox 135 1424 286 1470; x_wconf 73' lang='grc' dir='ltr'><em>πέπλῳ</em></span> <span class='ocrx_word' id='word_1_139' title='bbox 330 1415 355 1456; x_wconf 90' lang='lat' dir='ltr'>i.</span> <span class='ocrx_word' id='word_1_140' title='bbox 386 1425 422 1456; x_wconf 88' lang='lat' dir='ltr'>e.</span> <span class='ocrx_word' id='word_1_141' title='bbox 462 1413 576 1455; x_wconf 91' lang='lat' dir='ltr'>linea</span> <span class='ocrx_word' id='word_1_142' title='bbox 610 1413 877 1462; x_wconf 89' lang='lat' dir='ltr'>contexerat,</span> <span class='ocrx_word' id='word_1_143' title='bbox 911 1423 998 1453; x_wconf 92' lang='lat' dir='ltr'>non</span> <span class='ocrx_word' id='word_1_144' title='bbox 1033 1410 1240 1460; x_wconf 89' lang='lat' dir='ltr'>contexit,</span> <span class='ocrx_word' id='word_1_145' title='bbox 1276 1420 1439 1464; x_wconf 88' lang='lat' dir='ltr'>corpus</span> <span class='ocrx_word' id='word_1_146' title='bbox 1472 1409 1634 1451; x_wconf 83' lang='lat' dir='ltr'>tunica.</span> <span class='ocrx_word' id='word_1_147' title='bbox 1667 1408 1824 1462; x_wconf 88' lang='lat' dir='ltr'>Neque</span> 
     </span>
     <span class='ocr_line' id='line_1_18' title="bbox 137 1479 1824 1537; baseline -0.005 -9"><span class='ocrx_word' id='word_1_148' title='bbox 137 1487 216 1535; x_wconf 92' lang='lat' dir='ltr'>est,</span> <span class='ocrx_word' id='word_1_149' title='bbox 250 1497 326 1527; x_wconf 90' lang='lat' dir='ltr'>cur</span> <span class='ocrx_word' id='word_1_150' title='bbox 359 1484 577 1534; x_wconf 89' lang='lat' dir='ltr'>miremur,</span> <span class='ocrx_word' id='word_1_151' title='bbox 611 1482 756 1537; x_wconf 92' lang='lat' dir='ltr'>quod:</span> <span class='ocrx_word' id='word_1_152' title='bbox 790 1491 863 1526; x_wconf 78' lang='grc' dir='ltr'><strong><em>καὶ</em></strong></span> <span class='ocrx_word' id='word_1_153' title='bbox 890 1488 1023 1537; x_wconf 78' lang='grc' dir='ltr'><em>λινέῳ</em></span> <span class='ocrx_word' id='word_1_154' title='bbox 1041 1487 1293 1525; x_wconf 73' lang='grc' dir='ltr'><em>πεπύκαστο</em></span> <span class='ocrx_word' id='word_1_155' title='bbox 1317 1481 1397 1522; x_wconf 90' lang='lat' dir='ltr'>cet.</span> <span class='ocrx_word' id='word_1_156' title='bbox 1421 1479 1700 1533; x_wconf 88' lang='lat' dir='ltr'>aequivaleat</span> <span class='ocrx_word' id='word_1_157' title='bbox 1722 1479 1824 1520; x_wconf 90' lang='lat' dir='ltr'>huic</span> 
     </span>
     <span class='ocr_line' id='line_1_19' title="bbox 135 1549 1824 1607; baseline -0.004 -9"><span class='ocrx_word' id='word_1_158' title='bbox 135 1556 224 1599; x_wconf 86' lang='lat' dir='ltr'>tere</span> <span class='ocrx_word' id='word_1_159' title='bbox 257 1555 474 1598; x_wconf 75' lang='lat' dir='ltr'>versionit</span> <span class='ocrx_word' id='word_1_160' title='bbox 509 1554 701 1596; x_wconf 90' lang='lat' dir='ltr'>tunicam</span> <span class='ocrx_word' id='word_1_161' title='bbox 736 1563 916 1607; x_wconf 90' lang='lat' dir='ltr'>quoque</span> <span class='ocrx_word' id='word_1_162' title='bbox 951 1552 1057 1607; x_wconf 79' lang='lat' dir='ltr'>jam</span> <span class='ocrx_word' id='word_1_163' title='bbox 1091 1551 1305 1603; x_wconf 90' lang='lat' dir='ltr'>induerat,</span> <span class='ocrx_word' id='word_1_164' title='bbox 1329 1562 1428 1593; x_wconf 91' lang='lat' dir='ltr'>cum</span> <span class='ocrx_word' id='word_1_165' title='bbox 1454 1549 1671 1592; x_wconf 85' lang='lat' dir='ltr'>Homerus</span> <span class='ocrx_word' id='word_1_166' title='bbox 1690 1549 1824 1591; x_wconf 89' lang='lat' dir='ltr'>dicat:</span> 
     </span>
     <span class='ocr_line' id='line_1_20' title="bbox 136 1621 1824 1681; baseline -0.007 -9"><span class='ocrx_word' id='word_1_167' title='bbox 136 1635 251 1681; x_wconf 80' lang='grc' dir='ltr'><strong><em>τάχα</em></strong></span> <span class='ocrx_word' id='word_1_168' title='bbox 281 1647 356 1671; x_wconf 78' lang='grc' dir='ltr'>κεν</span> <span class='ocrx_word' id='word_1_169' title='bbox 389 1636 463 1671; x_wconf 79' lang='grc' dir='ltr'><strong><em>καὶ</em></strong></span> <span class='ocrx_word' id='word_1_170' title='bbox 492 1632 696 1670; x_wconf 75' lang='grc' dir='ltr'>ἀναίτιον</span> <span class='ocrx_word' id='word_1_171' title='bbox 730 1631 940 1679; x_wconf 79' lang='grc' dir='ltr'><strong><em>αἰτιόῳτο</em></strong></span> <span class='ocrx_word' id='word_1_172' title='bbox 960 1623 1036 1666; x_wconf 89' lang='lat' dir='ltr'>i.e.</span> <span class='ocrx_word' id='word_1_173' title='bbox 1056 1623 1184 1665; x_wconf 83' lang='lat' dir='ltr'>facile</span> <span class='ocrx_word' id='word_1_174' title='bbox 1204 1634 1384 1676; x_wconf 92' lang='lat' dir='ltr'>quoque</span> <span class='ocrx_word' id='word_1_175' title='bbox 1407 1622 1459 1677; x_wconf 72' lang='lat' dir='ltr'>ia</span> <span class='ocrx_word' id='word_1_176' title='bbox 1478 1633 1518 1663; x_wconf 94' lang='lat' dir='ltr'>m</span> <span class='ocrx_word' id='word_1_177' title='bbox 1544 1621 1824 1663; x_wconf 88' lang='lat' dir='ltr'>innocentem</span> 
     </span>
     <span class='ocr_line' id='line_1_21' title="bbox 137 1691 1824 1752; baseline -0.004 -12"><span class='ocrx_word' id='word_1_178' title='bbox 137 1699 364 1741; x_wconf 86' lang='lat' dir='ltr'>accusaret</span> <span class='ocrx_word' id='word_1_179' title='bbox 382 1694 426 1752; x_wconf 88' lang='lat'>¹).</span> <span class='ocrx_word' id='word_1_180' title='bbox 476 1696 704 1739; x_wconf 87' lang='lat' dir='ltr'>Praeterea</span> <span class='ocrx_word' id='word_1_181' title='bbox 751 1695 805 1737; x_wconf 91' lang='lat' dir='ltr'>de</span> <span class='ocrx_word' id='word_1_182' title='bbox 854 1695 1031 1744; x_wconf 89' lang='lat' dir='ltr'>Lazaro,</span> <span class='ocrx_word' id='word_1_183' title='bbox 1079 1704 1244 1748; x_wconf 92' lang='lat' dir='ltr'>corpus</span> <span class='ocrx_word' id='word_1_184' title='bbox 1290 1693 1438 1735; x_wconf 86' lang='lat' dir='ltr'>linteis</span> <span class='ocrx_word' id='word_1_185' title='bbox 1485 1691 1824 1746; x_wconf 88' lang='lat' dir='ltr'>sepulcralibus‚</span> 
     </span>
     <span class='ocr_line' id='line_1_22' title="bbox 138 1763 1449 1825; baseline -0.005 -14"><span class='ocrx_word' id='word_1_186' title='bbox 138 1774 271 1825; x_wconf 91' lang='lat' dir='ltr'>caput</span> <span class='ocrx_word' id='word_1_187' title='bbox 303 1770 446 1811; x_wconf 85' lang='lat' dir='ltr'>autem</span> <span class='ocrx_word' id='word_1_188' title='bbox 480 1767 659 1810; x_wconf 88' lang='lat' dir='ltr'>sudario</span> <span class='ocrx_word' id='word_1_189' title='bbox 693 1766 857 1816; x_wconf 91' lang='lat' dir='ltr'>vincto,</span> <span class='ocrx_word' id='word_1_190' title='bbox 892 1765 988 1820; x_wconf 92' lang='lat' dir='ltr'>ipse</span> <span class='ocrx_word' id='word_1_191' title='bbox 1023 1764 1310 1819; x_wconf 86' lang='lat' dir='ltr'>paraphrasta</span> <span class='ocrx_word' id='word_1_192' title='bbox 1343 1763 1449 1805; x_wconf 88' lang='lat' dir='ltr'>dicit</span> 
     </span>
     <span class='ocr_line' id='line_1_23' title="bbox 185 1834 1717 1893; baseline -0.007 -6"><span class='ocrx_word' id='word_1_193' title='bbox 185 1850 266 1887; x_wconf 81' lang='lat' dir='ltr'>Par.</span> <span class='ocrx_word' id='word_1_194' title='bbox 294 1850 354 1893; x_wconf 85' lang='grc' dir='ltr'>ΧΙ,</span> <span class='ocrx_word' id='word_1_195' title='bbox 385 1850 473 1885; x_wconf 87' lang='lat'>170:</span> <span class='ocrx_word' id='word_1_196' title='bbox 523 1844 821 1892; x_wconf 80' lang='grc' dir='ltr'><em>σφιγγόμενον</em></span> <span class='ocrx_word' id='word_1_197' title='bbox 846 1846 1083 1890; x_wconf 72' lang='grc' dir='ltr'><em>πλεκτῇσιν</em></span> <span class='ocrx_word' id='word_1_198' title='bbox 1110 1840 1217 1879; x_wconf 83' lang='grc' dir='ltr'><em>ὅλον</em></span> <span class='ocrx_word' id='word_1_199' title='bbox 1244 1843 1384 1888; x_wconf 75' lang='grc' dir='ltr'><strong><em>δέμας</em></strong></span> <span class='ocrx_word' id='word_1_200' title='bbox 1410 1834 1501 1888; x_wconf 75' lang='grc' dir='ltr'>εἶχε</span> <span class='ocrx_word' id='word_1_201' title='bbox 1527 1843 1717 1889; x_wconf 80' lang='grc' dir='ltr'><strong><em>κερείαις</em></strong></span> 
     </span>
     <span class='ocr_line' id='line_1_24' title="bbox 380 1912 1692 1964; baseline -0.005 -9"><span class='ocrx_word' id='word_1_202' title='bbox 380 1919 466 1955; x_wconf 87' lang='lat'>171:</span> <span class='ocrx_word' id='word_1_203' title='bbox 518 1915 694 1964; x_wconf 68' lang='grc' dir='ltr'><strong><em>θερμὸν</em></strong></span> <span class='ocrx_word' id='word_1_204' title='bbox 722 1912 836 1961; x_wconf 77' lang='grc' dir='ltr'><em>ἔχων</em></span> <span class='ocrx_word' id='word_1_205' title='bbox 863 1913 1033 1962; x_wconf 75' lang='grc' dir='ltr'><strong><em>ἱδρῶτα</em></strong></span> <span class='ocrx_word' id='word_1_206' title='bbox 1058 1913 1416 1958; x_wconf 82' lang='grc' dir='ltr'><em>καλυπτομένοιο</em></span> <span class='ocrx_word' id='word_1_207' title='bbox 1442 1912 1692 1961; x_wconf 82' lang='grc' dir='ltr'>προσώπου·</span> 
     </span>
     <span class='ocr_line' id='line_1_25' title="bbox 235 1982 1766 2033; baseline -0.004 -8"><span class='ocrx_word' id='word_1_208' title='bbox 235 1991 323 2027; x_wconf 84' lang='lat'>172:</span> <span class='ocrx_word' id='word_1_209' title='bbox 373 1989 470 2024; x_wconf 85' lang='grc' dir='ltr'><strong><em>καὶ</em></strong></span> <span class='ocrx_word' id='word_1_210' title='bbox 496 1990 523 2023; x_wconf 92' lang='grc' dir='ltr'><em>λ</em></span> <span class='ocrx_word' id='word_1_211' title='bbox 540 2001 552 2023; x_wconf 83' lang='grc' dir='ltr'>ι</span> <span class='ocrx_word' id='word_1_212' title='bbox 569 1988 678 2033; x_wconf 78' lang='grc' dir='ltr'>νέῳ</span> <span class='ocrx_word' id='word_1_213' title='bbox 704 1985 1052 2022; x_wconf 76' lang='grc' dir='ltr'><em>πεπύκαστο</em></span> <span class='ocrx_word' id='word_1_214' title='bbox 1078 1982 1335 2029; x_wconf 80' lang='grc' dir='ltr'><strong><em>καλύμματι</em></strong></span> <span class='ocrx_word' id='word_1_215' title='bbox 1364 1983 1566 2020; x_wconf 78' lang='grc' dir='ltr'><em>κυκλάδα</em></span> <span class='ocrx_word' id='word_1_216' title='bbox 1592 1982 1766 2031; x_wconf 81' lang='grc' dir='ltr'><em>κόρσην,</em></span> 
     </span>
     <span class='ocr_line' id='line_1_26' title="bbox 234 2047 1272 2105; baseline -0.005 -10"><span class='ocrx_word' id='word_1_217' title='bbox 234 2062 321 2098; x_wconf 84' lang='lat'>173:</span> <span class='ocrx_word' id='word_1_218' title='bbox 373 2057 617 2105; x_wconf 78' lang='grc' dir='ltr'><em>σουδάριον</em></span> <span class='ocrx_word' id='word_1_219' title='bbox 644 2056 777 2104; x_wconf 77' lang='grc' dir='ltr'><strong><em>τόπερ</em></strong></span> <span class='ocrx_word' id='word_1_220' title='bbox 802 2047 896 2092; x_wconf 78' lang='grc' dir='ltr'><em>εἶπε</em></span> <span class='ocrx_word' id='word_1_221' title='bbox 923 2053 1081 2103; x_wconf 79' lang='grc' dir='ltr'><strong><em>Σύρων</em></strong></span> <span class='ocrx_word' id='word_1_222' title='bbox 1114 2054 1272 2099; x_wconf 83' lang='grc' dir='ltr'>στόμα.</span> 
     </span>
    </p>
   </div>
   <div class='ocr_carea' id='block_1_3' title="bbox 140 2129 1829 2964">
    <p class='ocr_par' dir='ltr' id='par_1_3' title="bbox 140 2129 1828 2540">
     <span class='ocr_line' id='line_1_27' title="bbox 197 2129 1827 2187; baseline -0.002 -12"><span class='ocrx_word' id='word_1_223' title='bbox 197 2133 397 2176; x_wconf 85' lang='lat' dir='ltr'>Attamen</span> <span class='ocrx_word' id='word_1_224' title='bbox 431 2131 553 2187; x_wconf 90' lang='lat' dir='ltr'>quod</span> <span class='ocrx_word' id='word_1_225' title='bbox 587 2132 776 2187; x_wconf 91' lang='lat' dir='ltr'>priorem</span> <span class='ocrx_word' id='word_1_226' title='bbox 801 2142 1008 2173; x_wconf 89' lang='lat' dir='ltr'>versuum</span> <span class='ocrx_word' id='word_1_227' title='bbox 1032 2130 1281 2172; x_wconf 91' lang='lat' dir='ltr'>versionem</span> <span class='ocrx_word' id='word_1_228' title='bbox 1305 2129 1668 2180; x_wconf 90' lang='lat' dir='ltr'>condemnemus,</span> <span class='ocrx_word' id='word_1_229' title='bbox 1693 2140 1827 2171; x_wconf 88' lang='lat' dir='ltr'>causa</span> 
     </span>
     <span class='ocr_line' id='line_1_28' title="bbox 140 2200 1827 2256; baseline -0.004 -9"><span class='ocrx_word' id='word_1_230' title='bbox 140 2216 228 2246; x_wconf 90' lang='lat' dir='ltr'>non</span> <span class='ocrx_word' id='word_1_231' title='bbox 277 2206 355 2246; x_wconf 89' lang='lat' dir='ltr'>est.</span> <span class='ocrx_word' id='word_1_232' title='bbox 405 2201 478 2246; x_wconf 90' lang='lat' dir='ltr'>Sic</span> <span class='ocrx_word' id='word_1_233' title='bbox 522 2203 637 2246; x_wconf 93' lang='lat' dir='ltr'>enim</span> <span class='ocrx_word' id='word_1_234' title='bbox 672 2202 829 2244; x_wconf 92' lang='lat' dir='ltr'>dixerit</span> <span class='ocrx_word' id='word_1_235' title='bbox 862 2203 1016 2256; x_wconf 73' lang='lat' dir='ltr'>poeta:</span> <span class='ocrx_word' id='word_1_236' title='bbox 1056 2201 1319 2243; x_wconf 90' lang='lat' dir='ltr'>vestimento</span> <span class='ocrx_word' id='word_1_237' title='bbox 1354 2200 1533 2242; x_wconf 88' lang='lat' dir='ltr'>madido</span> <span class='ocrx_word' id='word_1_238' title='bbox 1567 2211 1646 2254; x_wconf 94' lang='lat' dir='ltr'>pro</span> <span class='ocrx_word' id='word_1_239' title='bbox 1679 2201 1827 2242; x_wconf 91' lang='lat' dir='ltr'>tunica</span> 
     </span>
     <span class='ocr_line' id='line_1_29' title="bbox 141 2270 1827 2325; baseline -0.004 -7"><span class='ocrx_word' id='word_1_240' title='bbox 141 2275 319 2318; x_wconf 88' lang='lat' dir='ltr'>lumbos</span> <span class='ocrx_word' id='word_1_241' title='bbox 366 2273 672 2316; x_wconf 91' lang='lat' dir='ltr'>circumcinxit</span> <span class='ocrx_word' id='word_1_242' title='bbox 719 2270 873 2316; x_wconf 90' lang='lat' dir='ltr'>Simon</span> <span class='ocrx_word' id='word_1_243' title='bbox 922 2274 963 2314; x_wconf 85' lang='lat' dir='ltr'>et</span> <span class='ocrx_word' id='word_1_244' title='bbox 1010 2272 1128 2314; x_wconf 93' lang='lat' dir='ltr'>lineo</span> <span class='ocrx_word' id='word_1_245' title='bbox 1172 2271 1365 2313; x_wconf 88' lang='lat' dir='ltr'>contexit</span> <span class='ocrx_word' id='word_1_246' title='bbox 1403 2270 1626 2313; x_wconf 80' lang='lat' dir='ltr'>multiforo</span> <span class='ocrx_word' id='word_1_247' title='bbox 1664 2282 1827 2325; x_wconf 91' lang='lat' dir='ltr'>corpus</span> 
     </span>
     <span class='ocr_line' id='line_1_30' title="bbox 140 2342 1828 2399; baseline -0.003 -11"><span class='ocrx_word' id='word_1_248' title='bbox 140 2346 418 2389; x_wconf 89' lang='lat' dir='ltr'>vestimento.</span> <span class='ocrx_word' id='word_1_249' title='bbox 452 2345 563 2387; x_wconf 88' lang='lat' dir='ltr'>Nam</span> <span class='ocrx_word' id='word_1_250' title='bbox 598 2345 786 2399; x_wconf 89' lang='lat' dir='ltr'>primum</span> <span class='ocrx_word' id='word_1_251' title='bbox 820 2343 925 2397; x_wconf 77' lang='grc' dir='ltr'><strong><em>εἷμα</em></strong></span> <span class='ocrx_word' id='word_1_252' title='bbox 957 2345 998 2386; x_wconf 94' lang='lat' dir='ltr'>et</span> <span class='ocrx_word' id='word_1_253' title='bbox 1028 2351 1192 2396; x_wconf 78' lang='grc' dir='ltr'><em>πέπλος</em></span> <span class='ocrx_word' id='word_1_254' title='bbox 1225 2342 1342 2384; x_wconf 92' lang='lat' dir='ltr'>idem</span> <span class='ocrx_word' id='word_1_255' title='bbox 1376 2342 1685 2384; x_wconf 87' lang='lat' dir='ltr'>vestimentum</span> <span class='ocrx_word' id='word_1_256' title='bbox 1721 2353 1828 2396; x_wconf 89' lang='lat' dir='ltr'>pos-</span> 
     </span>
     <span class='ocr_line' id='line_1_31' title="bbox 140 2413 1827 2471; baseline -0.002 -13"><span class='ocrx_word' id='word_1_257' title='bbox 140 2418 242 2459; x_wconf 91' lang='lat' dir='ltr'>sunt</span> <span class='ocrx_word' id='word_1_258' title='bbox 284 2416 558 2471; x_wconf 84' lang='lat' dir='ltr'>significare;</span> <span class='ocrx_word' id='word_1_259' title='bbox 605 2416 707 2458; x_wconf 91' lang='lat' dir='ltr'>sunt</span> <span class='ocrx_word' id='word_1_260' title='bbox 750 2415 865 2457; x_wconf 92' lang='lat' dir='ltr'>enirn</span> <span class='ocrx_word' id='word_1_261' title='bbox 904 2413 1123 2456; x_wconf 83' lang='lat' dir='ltr'>vocabula</span> <span class='ocrx_word' id='word_1_262' title='bbox 1156 2413 1365 2455; x_wconf 91' lang='lat' dir='ltr'>omnibus</span> <span class='ocrx_word' id='word_1_263' title='bbox 1397 2413 1672 2455; x_wconf 89' lang='lat' dir='ltr'>vestimentis</span> <span class='ocrx_word' id='word_1_264' title='bbox 1706 2424 1827 2454; x_wconf 92' lang='lat' dir='ltr'>com-</span> 
     </span>
     <span class='ocr_line' id='line_1_32' title="bbox 142 2484 1118 2540; baseline -0.003 -11"><span class='ocrx_word' id='word_1_265' title='bbox 142 2487 304 2537; x_wconf 90' lang='lat' dir='ltr'>munia,</span> <span class='ocrx_word' id='word_1_266' title='bbox 338 2487 395 2529; x_wconf 89' lang='lat' dir='ltr'>ita</span> <span class='ocrx_word' id='word_1_267' title='bbox 429 2488 474 2529; x_wconf 88' lang='lat' dir='ltr'>ut</span> <span class='ocrx_word' id='word_1_268' title='bbox 505 2491 667 2534; x_wconf 80' lang='grc' dir='ltr'><em>πέπλος</em></span> <span class='ocrx_word' id='word_1_269' title='bbox 700 2484 903 2540; x_wconf 87' lang='lat' dir='ltr'>designet</span> <span class='ocrx_word' id='word_1_270' title='bbox 935 2484 1118 2540; x_wconf 91' lang='lat' dir='ltr'>pallium</span> 
     </span>
    </p>

    <p class='ocr_par' dir='ltr' id='par_1_4' title="bbox 142 2555 1829 2682">
     <span class='ocr_line' id='line_1_33' title="bbox 188 2555 1829 2606; baseline -0.004 -8"><span class='ocrx_word' id='word_1_271' title='bbox 188 2562 270 2599; x_wconf 84' lang='lat' dir='ltr'>Par.</span> <span class='ocrx_word' id='word_1_272' title='bbox 298 2562 395 2606; x_wconf 89' lang='grc' dir='ltr'><strong>ΧΙΧ,</strong></span> <span class='ocrx_word' id='word_1_273' title='bbox 421 2563 466 2598; x_wconf 84' lang='lat'>9:</span> <span class='ocrx_word' id='word_1_274' title='bbox 515 2560 589 2596; x_wconf 83' lang='grc' dir='ltr'><strong><em>καί</em></strong></span> <span class='ocrx_word' id='word_1_275' title='bbox 614 2572 694 2604; x_wconf 89' lang='grc' dir='ltr'>μιν</span> <span class='ocrx_word' id='word_1_276' title='bbox 720 2557 1143 2604; x_wconf 81' lang='grc' dir='ltr'><em>ἀνεχλαίνωσαν</em></span> <span class='ocrx_word' id='word_1_277' title='bbox 1169 2555 1239 2592; x_wconf 74' lang='grc' dir='ltr'>ἐπὶ</span> <span class='ocrx_word' id='word_1_278' title='bbox 1264 2558 1365 2604; x_wconf 82' lang='grc' dir='ltr'>χροὶ</span> <span class='ocrx_word' id='word_1_279' title='bbox 1390 2557 1564 2594; x_wconf 78' lang='grc' dir='ltr'>πέπλοι</span> <span class='ocrx_word' id='word_1_280' title='bbox 1591 2555 1829 2602; x_wconf 77' lang='grc' dir='ltr'><strong><em>βαλόντες;</em></strong></span> 
     </span>
     <span class='ocr_line' id='line_1_34' title="bbox 142 2628 858 2682; baseline -0.003 -11"><span class='ocrx_word' id='word_1_281' title='bbox 142 2628 336 2682; x_wconf 86' lang='lat' dir='ltr'>quodvis</span> <span class='ocrx_word' id='word_1_282' title='bbox 369 2630 514 2671; x_wconf 90' lang='lat' dir='ltr'>autem</span> <span class='ocrx_word' id='word_1_283' title='bbox 547 2628 858 2671; x_wconf 86' lang='lat' dir='ltr'>vestimentum</span> 
     </span>
    </p>

    <p class='ocr_par' dir='ltr' id='par_1_5' title="bbox 144 2696 1829 2824">
     <span class='ocr_line' id='line_1_35' title="bbox 189 2696 1829 2749; baseline -0.004 -9"><span class='ocrx_word' id='word_1_284' title='bbox 189 2703 272 2740; x_wconf 82' lang='lat' dir='ltr'>Par.</span> <span class='ocrx_word' id='word_1_285' title='bbox 298 2704 379 2747; x_wconf 92' lang='lat' dir='ltr'>XX,</span> <span class='ocrx_word' id='word_1_286' title='bbox 404 2704 472 2740; x_wconf 80' lang='lat'>82:</span> <span class='ocrx_word' id='word_1_287' title='bbox 522 2701 718 2749; x_wconf 85' lang='grc' dir='ltr'>Χριστὸν</span> <span class='ocrx_word' id='word_1_288' title='bbox 744 2699 815 2736; x_wconf 77' lang='grc' dir='ltr'>ἴδε</span> <span class='ocrx_word' id='word_1_289' title='bbox 841 2701 1081 2746; x_wconf 79' lang='grc' dir='ltr'>στίλβοντα</span> <span class='ocrx_word' id='word_1_290' title='bbox 1106 2696 1409 2745; x_wconf 74' lang='grc' dir='ltr'>θεοκμήτῳ</span> <span class='ocrx_word' id='word_1_291' title='bbox 1444 2700 1556 2734; x_wconf 80' lang='grc' dir='ltr'>τινὶ</span> <span class='ocrx_word' id='word_1_292' title='bbox 1584 2697 1763 2745; x_wconf 79' lang='grc' dir='ltr'><em>πέπλῳ</em></span> <span class='ocrx_word' id='word_1_293' title='bbox 1787 2697 1829 2744; x_wconf 79' lang='lat'>⁹).</span> 
     </span>
     <span class='ocr_line' id='line_1_36' title="bbox 144 2768 1175 2824; baseline -0.004 -11"><span class='ocrx_word' id='word_1_294' title='bbox 144 2769 263 2822; x_wconf 77' lang='grc' dir='ltr'><strong><em>Εἷμα</em></strong></span> <span class='ocrx_word' id='word_1_295' title='bbox 295 2773 440 2812; x_wconf 90' lang='lat' dir='ltr'>autem</span> <span class='ocrx_word' id='word_1_296' title='bbox 475 2769 656 2812; x_wconf 89' lang='lat' dir='ltr'>linteum</span> <span class='ocrx_word' id='word_1_297' title='bbox 691 2769 938 2824; x_wconf 88' lang='lat' dir='ltr'>sepulcrale</span> <span class='ocrx_word' id='word_1_298' title='bbox 972 2768 1175 2822; x_wconf 85' lang='lat' dir='ltr'>designat</span> 
     </span>
    </p>

    <p class='ocr_par' dir='ltr' id='par_1_6' title="bbox 144 2839 1752 2964">
     <span class='ocr_line' id='line_1_37' title="bbox 190 2839 1752 2888; baseline -0.004 -7"><span class='ocrx_word' id='word_1_299' title='bbox 190 2844 273 2881; x_wconf 87' lang='lat' dir='ltr'>Par.</span> <span class='ocrx_word' id='word_1_300' title='bbox 299 2844 381 2888; x_wconf 92' lang='lat' dir='ltr'>XX,</span> <span class='ocrx_word' id='word_1_301' title='bbox 408 2846 475 2881; x_wconf 85' lang='lat'>37:</span> <span class='ocrx_word' id='word_1_302' title='bbox 524 2845 598 2879; x_wconf 82' lang='grc' dir='ltr'>καὶ</span> <span class='ocrx_word' id='word_1_303' title='bbox 624 2842 867 2888; x_wconf 78' lang='grc' dir='ltr'><em>πλοκάμων</em></span> <span class='ocrx_word' id='word_1_304' title='bbox 894 2844 1131 2886; x_wconf 77' lang='grc' dir='ltr'>τελαμῶνα</span> <span class='ocrx_word' id='word_1_305' title='bbox 1156 2842 1231 2876; x_wconf 82' lang='grc' dir='ltr'><strong><em>καὶ</em></strong></span> <span class='ocrx_word' id='word_1_306' title='bbox 1257 2839 1419 2884; x_wconf 80' lang='grc' dir='ltr'><strong><em>εἵματα</em></strong></span> <span class='ocrx_word' id='word_1_307' title='bbox 1445 2841 1626 2885; x_wconf 77' lang='grc' dir='ltr'><strong><em>κείμενα</em></strong></span> <span class='ocrx_word' id='word_1_308' title='bbox 1652 2841 1752 2886; x_wconf 79' lang='grc' dir='ltr'><strong><em>γαίῃ</em></strong></span> 
     </span>
     <span class='ocr_line' id='line_1_38' title="bbox 144 2910 753 2964; baseline 0.002 -12"><span class='ocrx_word' id='word_1_309' title='bbox 144 2912 186 2953; x_wconf 88' lang='lat' dir='ltr'>et</span> <span class='ocrx_word' id='word_1_310' title='bbox 218 2910 411 2964; x_wconf 91' lang='lat' dir='ltr'>quodvis</span> <span class='ocrx_word' id='word_1_311' title='bbox 443 2912 753 2953; x_wconf 88' lang='lat' dir='ltr'>vestimentum</span> 
     </span>
    </p>
   </div>
   <div class='ocr_carea' id='block_1_4' title="bbox 195 3060 1230 3166">
    <p class='ocr_par' dir='ltr' id='par_1_7' title="bbox 195 3060 1230 3166">
     <span class='ocr_line' id='line_1_39' title="bbox 199 3060 1230 3108; baseline -0.003 -8"><span class='ocrx_word' id='word_1_312' title='bbox 199 3063 224 3108; x_wconf 87' lang='lat'>¹)</span> <span class='ocrx_word' id='word_1_313' title='bbox 253 3064 290 3100; x_wconf 91' lang='lat'>11.</span> <span class='ocrx_word' id='word_1_314' title='bbox 317 3064 379 3107; x_wconf 92' lang='lat' dir='ltr'>Xl,</span> <span class='ocrx_word' id='word_1_315' title='bbox 402 3064 494 3106; x_wconf 86' lang='lat'>654;</span> <span class='ocrx_word' id='word_1_316' title='bbox 521 3064 569 3100; x_wconf 82' lang='lat' dir='ltr'>cf.</span> <span class='ocrx_word' id='word_1_317' title='bbox 597 3062 886 3100; x_wconf 83' lang='lat' dir='ltr'>Kiihner-Blass</span> <span class='ocrx_word' id='word_1_318' title='bbox 912 3063 952 3106; x_wconf 90' lang='lat'>11,</span> <span class='ocrx_word' id='word_1_319' title='bbox 980 3063 1013 3106; x_wconf 89' lang='lat'>2,</span> <span class='ocrx_word' id='word_1_320' title='bbox 1039 3060 1064 3106; x_wconf 83' lang='lat'><strong>§</strong></span> <span class='ocrx_word' id='word_1_321' title='bbox 1090 3063 1170 3105; x_wconf 82' lang='lat'>524,</span> <span class='ocrx_word' id='word_1_322' title='bbox 1200 3063 1230 3098; x_wconf 87' lang='lat'>1.</span> 
     </span>
     <span class='ocr_line' id='line_1_40' title="bbox 195 3121 623 3166; baseline -0.005 -7"><span class='ocrx_word' id='word_1_323' title='bbox 195 3121 224 3166; x_wconf 81' lang='lat'>²)</span> <span class='ocrx_word' id='word_1_324' title='bbox 252 3122 311 3159; x_wconf 80' lang='lat' dir='ltr'>Cf.</span> <span class='ocrx_word' id='word_1_325' title='bbox 338 3122 450 3159; x_wconf 92' lang='lat' dir='ltr'>Dion.</span> <span class='ocrx_word' id='word_1_326' title='bbox 478 3122 519 3166; x_wconf 88' lang='lat'>11,</span> <span class='ocrx_word' id='word_1_327' title='bbox 544 3123 623 3158; x_wconf 82' lang='lat'>571.</span> 
     </span>
    </p>
   </div>
   <div class='ocr_carea' id='block_1_5' title="bbox 298 3011 424 3015">
    <p class='ocr_par' dir='ltr' id='par_1_8' title="bbox 298 3011 424 3015">
     <span class='ocr_line' id='line_1_41' title="bbox 298 3011 424 3015; baseline 0 0"><span class='ocrx_word' id='word_1_328' title='bbox 298 3011 424 3015; x_wconf 95' lang='lat' dir='ltr'> </span> 
     </span>
    </p>
   </div>
  </div>
 </body>
</html>
