2180 3606
934 243 985 286 19

117 373 376 419 Scheindler
425 386 492 417 me
540 371 756 416 benevole
803 382 880 426 per
928 372 1091 414 litteras
1134 371 1297 414 docuit.
1338 371 1381 413 ln
1412 370 1621 413 omnibus
1654 372 1798 413 autem

116 445 349 489 codicibus
384 444 540 500 legitur

161 515 244 552 Par.
270 514 367 557 xlx,
395 515 484 550 144:
935 511 1009 546 καὶ
1036 507 1226 557 ι’ίσπορος
1252 506 1350 545 ἔσκε
1376 506 1584 553 τεκούσης

396 582 483 621 145':
536 579 642 627 υἱός,
671 579 780 628 ἀνὴρ
808 578 1062 626 ἀλόχευτος,
1091 578 1384 627 ἀπειρώδινος
1409 577 1611 624 ἀνάσσης.

115 655 233 698 Haec
277 656 422 707 lectio,
471 657 776 709 praeterquam
822 654 943 708 quod
987 654 1168 696 codices
1210 665 1305 696 eam
1349 652 1606 704 defendunt,
1651 651 1799 705 quoad

114 726 248 768 verba
281 726 549 781 posteriora:
583 731 953 780 ιἰπειρώόινος
979 730 1216 778 ἀνάσσης
1249 724 1400 778 resipit
1428 722 1798 778 Dionysiacorum

115 796 211 839 illa:
245 802 616 852 ἀπειρώδι,νος
637 791 902 849 Ἀθήνηςι)
937 796 996 837 et:
1030 800 1401 849 ιἰπειρώδινος
1427 789 1801 848 ἀνάγκηςῖ),ἰί3.

114 869 159 909 ut
190 867 387 922 speciem
417 866 620 909 lectionis
653 865 913 908 Nonnianae
948 876 1051 920 prae
1085 876 1132 907 se
1165 865 1286 907 ferat.
1320 863 1408 907 Sed
1437 865 1592 907 verba:
1628 870 1800 919 ἀπειρο-

112 945 259 992 γάμου
295 945 541 994 γενέτειρας
589 948 733 990 neque
774 936 948 990 singula
992 947 1136 989 neque
1169 935 1406 990 coniuncta
1439 935 1482 976 in
1517 933 1800 989 Dionysiacis

114 1009 328 1063 leguntur.
357 1008 518 1062 ltaque,
544 1019 643 1050 cum
668 1008 825 1061 poetae
849 1005 1074 1048 christiani
1100 1005 1281 1048 Mariam
1307 1005 1555 1059 appellent:
1589 1011 1801 1060 ἀπειρό-

112 1100 281 1134 γαμος
312 1085 488 1134 μήτηρ
509 1074 541 1132 ³)
573 1080 615 1120 et
647 1076 914 1120 vocabulum
948 1083 1235 1132 γενέτειρα
1257 1073 1289 1129 ⁴)
1324 1076 1465 1130 magis
1499 1075 1713 1130 pertineat
1745 1074 1800 1116 ad

114 1162 242 1193 usum
287 1149 498 1204 loquendi
544 1151 771 1203 poetarum
816 1159 948 1202 quam
991 1159 1077 1189 vox
1115 1153 1270 1202 μήτηρ,
1304 1147 1369 1188 vir
1407 1147 1588 1200 quidam
1623 1147 1801 1200 ignotus

114 1220 347 1263 lectionem
382 1219 660 1262 Nonnianam
695 1218 941 1261 correxisse
974 1217 1158 1268 videtur,
1193 1216 1245 1260 ut
1271 1217 1504 1259 evitaretur
1533 1216 1799 1258 vocabulum

116 1298 336 1340 ἄνασσα,
371 1290 492 1345 quod
523 1290 637 1332 falso
671 1289 725 1331 de
758 1289 874 1331 divis
907 1290 1073 1331 tantum
1107 1287 1193 1329 dici
1229 1298 1364 1342 posse
1400 1287 1629 1342 putaverit.

933 1554 979 1596 Β.

702 1683 889 1728 PETRUS
922 1691 1211 1725 APOSTOLUS.

175 1815 242 1858 De
276 1814 403 1857 Petro
436 1814 644 1868 apostolo
668 1815 846 1855 acturus
870 1813 1057 1867 primum
1081 1812 1258 1854 afferam
1283 1812 1421 1862 locos,
1446 1823 1562 1866 quos
1586 1812 1801 1867 plurimos
1863 1818 1914 1860 Ν,
1947 1820 2010 1861 13,

114 1890 200 1929 tam
240 1885 518 1940 evangelium
554 1883 798 1938 Joanneum
833 1895 964 1937 quam
999 1883 1095 1938 ejus
1129 1883 1415 1937 paraphrasta
1449 1882 1503 1924 de
1537 1894 1590 1925 eo
1623 1883 1799 1925 habent.

113 1967 196 2004 Par.
223 1969 251 2010 l,
281 1968 368 2003 149:
417 1960 651 2010 Ἀνδρείας,
678 1961 887 2010 μερόπων
913 1960 1063 2007 ἁλιεὺς
1087 1961 1201 2006 μετὰ
1228 1961 1410 1998 πόντιον
1437 1960 1585 2009 ἄγρην,

279 2038 368 2073 150;
419 2032 672 2080 ἰχθυβόλου
698 2034 902 2078 Σίμωνος
928 2031 1148 2078 ἀδελφεός
1169 2033 1214 2079 ⁸).

278 2180 366 2215 154:
921 2172 945 2210 ὁ
970 2174 1054 2219 μὲν
1079 2173 1329 2222 πρώτιστον
1355 2171 1529 2210 ὁδεύων

280 2250 367 2285 155:
419 2244 632 2293 σύγγονον
658 2242 874 2290 εὐώδινος
899 2242 1167 2292 ε’ρευνητῆρα
1193 2245 1424 2290 θαλάσσης

280 2321 366 2357 156;
416 2308 545 2365 εὗρεν
570 2314 645 2353 ἑὸν
671 2317 854 2361 Σίμωνα
880 2317 953 2352 καὶ
980 2312 1160 2353 ἔννεπεν
1186 2314 1273 2361 ὀξέι
1302 2315 1453 2363 μύθῳ·

278 2393 342 2428 157
357 2403 365 2428 ε
416 2387 598 2435 σύγγονε
620 2389 663 2435 ”).

279 2534 367 2570 159:
417 2528 475 2576 ὣς
500 2529 636 2566 εἰπὼν
662 2527 895 2574 ἐκόμισσεν
921 2527 1133 2575 ὁμόγνιον
1158 2527 1265 2575 ὀξὺν
1290 2527 1459 2575 ὁδίτην,

279 2604 366 2640 160:
411 2598 574 2647 Ἰησοῦς
600 2597 679 2637 ὅθι
706 2605 816 2637 ναῖε·
840 2602 1065 2648 γαληναίῳ
1092 2600 1143 2636 δὲ
1168 2599 1387 2648 προσώπῳ

279 2675 367 2711 161;
417 2671 608 2720 Χριστὸς
634 2671 746 2708 ἰδὼν
773 2672 957 2716 Σίμωνα
983 2676 1109 2718 σοφῷ
1135 2671 1367 2717 μειλίξατο
1393 2669 1545 2718 μύθῳ·

279 2745 367 2782 162;
418 2740 513 2789 υἱὸς
537 2741 748 2779 Ἰωάνναο
774 2742 828 2778 σὺ
853 2742 937 2787 μὲν
962 2742 1102 2788 πέλες,
1131 2740 1224 2778 ἐσσὶ
1251 2742 1302 2778 δὲ
1329 2744 1482 2787 Σίμων

164 2903 192 2949 ¹)
219 2904 332 2941 Dion.
359 2905 456 2949 XVl,
485 2905 562 2942 152.
1004 2903 1035 2949 ²)
1063 2904 1176 2941 Dion.
1203 2905 1362 2949 XLVlll,
1387 2906 1467 2942 798.

163 2961 193 3008 ⁸)
220 2962 279 3000 cf.
306 2964 460 3000 Anthol.
486 2963 565 3000 Pal.
592 2964 616 3007 l,
641 2964 686 3007 2;
713 2963 819 3000 Paul.
846 2963 912 3000 Sil.
939 2964 1076 3009 Ecphr.
1102 2965 1169 3001 20:

465 3021 620 3066 Χριστὸν
644 3021 912 3067 ἀνεβλάστησεν
936 3021 1217 3067 ἀπειρογοὲμοισι
1240 3023 1411 3068 λοχειάις;

112 3082 310 3126 praeterea
336 3081 495 3117 verbum
523 3082 688 3118 occurrit
716 3081 829 3118 Dion.
855 3081 948 3126 Xlll,
973 3082 1041 3125 98;
1068 3081 1211 3125 XLVll,
1236 3082 1315 3117 416.

162 3138 192 3183 ⁴)
219 3139 278 3176 Cf.
304 3138 413 3176 Pind.
439 3139 482 3176 N.
511 3139 585 3184 Vll,
611 3141 644 3176 2.
896 3137 925 3184 ⁶)
953 3139 1011 3177 Cf.
1034 3141 1090 3187 Jo.
1116 3140 1139 3184 1,
1165 3141 1222 3176 40.
1462 3137 1491 3183 ⁸)
1524 3139 1582 3176 Cf.
1604 3140 1660 3186 Jo.
1688 3140 1712 3183 l,
1737 3140 1794 3176 41.
