<?xml version="1.0" encoding="UTF-8"?>
<!DOCTYPE html PUBLIC "-//W3C//DTD XHTML 1.0 Transitional//EN"
    "http://www.w3.org/TR/xhtml1/DTD/xhtml1-transitional.dtd">
<html xmlns="http://www.w3.org/1999/xhtml" xml:lang="en" lang="en">
 <head>
  <title>
</title>
<meta http-equiv="Content-Type" content="text/html;charset=utf-8" />
  <meta name='ocr-system' content='tesseract 3.04.00' />
  <meta name='ocr-capabilities' content='ocr_page ocr_carea ocr_par ocr_line ocrx_word'/>
</head>
<body>
  <div class='ocr_page' id='page_1' title='image "./quaestionesnonni00preluoft_0021.png"; bbox 0 0 2180 3606; ppageno 0'>
   <div class='ocr_carea' id='block_1_1' title="bbox 983 219 1010 261">
    <p class='ocr_par' dir='ltr' id='par_1_1' title="bbox 983 219 1010 261">
     <span class='ocr_line' id='line_1_1' title="bbox 983 219 1010 261; baseline 0 0"><span class='ocrx_word' id='word_1_1' title='bbox 983 219 1010 261; x_wconf 83' lang='lat'>3</span> 
     </span>
    </p>
   </div>
   <div class='ocr_carea' id='block_1_2' title="bbox 152 345 1844 1244">
    <p class='ocr_par' dir='ltr' id='par_1_2' title="bbox 152 345 1844 1244">
     <span class='ocr_line' id='line_1_2' title="bbox 153 345 1840 402; baseline -0.002 -12"><span class='ocrx_word' id='word_1_2' title='bbox 153 350 299 390; x_wconf 88' lang='lat' dir='ltr'>autem</span> <span class='ocrx_word' id='word_1_3' title='bbox 332 349 397 390; x_wconf 93' lang='lat' dir='ltr'>sic</span> <span class='ocrx_word' id='word_1_4' title='bbox 429 359 571 402; x_wconf 88' lang='lat' dir='ltr'>agam,</span> <span class='ocrx_word' id='word_1_5' title='bbox 605 349 651 388; x_wconf 90' lang='lat' dir='ltr'>ut</span> <span class='ocrx_word' id='word_1_6' title='bbox 683 346 829 400; x_wconf 88' lang='lat' dir='ltr'>qualis</span> <span class='ocrx_word' id='word_1_7' title='bbox 857 347 1211 401; x_wconf 78' lang='lat' dir='ltr'>uniusqu&#39;usque</span> <span class='ocrx_word' id='word_1_8' title='bbox 1233 345 1353 400; x_wconf 89' lang='lat' dir='ltr'>apud</span> <span class='ocrx_word' id='word_1_9' title='bbox 1377 346 1584 388; x_wconf 88' lang='lat' dir='ltr'>Nonnum</span> <span class='ocrx_word' id='word_1_10' title='bbox 1608 346 1665 388; x_wconf 91' lang='lat' dir='ltr'>sit</span> <span class='ocrx_word' id='word_1_11' title='bbox 1688 347 1840 388; x_wconf 86' lang='lat' dir='ltr'>natura</span> 
     </span>
     <span class='ocr_line' id='line_1_3' title="bbox 154 415 1841 472; baseline -0.002 -12"><span class='ocrx_word' id='word_1_12' title='bbox 154 421 195 460; x_wconf 92' lang='lat' dir='ltr'>et</span> <span class='ocrx_word' id='word_1_13' title='bbox 238 419 462 472; x_wconf 84' lang='lat' dir='ltr'>ingenium</span> <span class='ocrx_word' id='word_1_14' title='bbox 497 417 767 467; x_wconf 84' lang='lat' dir='ltr'>ostendatur,</span> <span class='ocrx_word' id='word_1_15' title='bbox 802 419 1040 471; x_wconf 89' lang='lat' dir='ltr'>praeterea,</span> <span class='ocrx_word' id='word_1_16' title='bbox 1075 428 1188 470; x_wconf 86' lang='lat' dir='ltr'>quae</span> <span class='ocrx_word' id='word_1_17' title='bbox 1222 417 1331 458; x_wconf 91' lang='lat' dir='ltr'>ratio</span> <span class='ocrx_word' id='word_1_18' title='bbox 1365 416 1476 458; x_wconf 88' lang='lat' dir='ltr'>inter</span> <span class='ocrx_word' id='word_1_19' title='bbox 1506 415 1706 470; x_wconf 88' lang='lat' dir='ltr'>singulas</span> <span class='ocrx_word' id='word_1_20' title='bbox 1740 427 1841 470; x_wconf 90' lang='lat' dir='ltr'>per-</span> 
     </span>
     <span class='ocr_line' id='line_1_4' title="bbox 153 485 1842 541; baseline -0.002 -10"><span class='ocrx_word' id='word_1_21' title='bbox 153 500 290 531; x_wconf 81' lang='lat' dir='ltr'>sonas</span> <span class='ocrx_word' id='word_1_22' title='bbox 323 486 638 541; x_wconf 86' lang='lat' dir='ltr'>Christumque</span> <span class='ocrx_word' id='word_1_23' title='bbox 671 488 925 537; x_wconf 84' lang='lat' dir='ltr'>intercedat,</span> <span class='ocrx_word' id='word_1_24' title='bbox 959 490 1172 530; x_wconf 85' lang='lat' dir='ltr'>cernatur.</span> <span class='ocrx_word' id='word_1_25' title='bbox 1206 487 1334 530; x_wconf 91' lang='lat' dir='ltr'>Unde</span> <span class='ocrx_word' id='word_1_26' title='bbox 1368 497 1524 529; x_wconf 92' lang='lat' dir='ltr'>omnes</span> <span class='ocrx_word' id='word_1_27' title='bbox 1551 486 1687 528; x_wconf 86' lang='lat' dir='ltr'>totius</span> <span class='ocrx_word' id='word_1_28' title='bbox 1710 485 1842 528; x_wconf 85' lang='lat' dir='ltr'>Para-</span> 
     </span>
     <span class='ocr_line' id='line_1_5' title="bbox 155 556 1840 613; baseline -0.002 -13"><span class='ocrx_word' id='word_1_29' title='bbox 155 559 330 613; x_wconf 85' lang='lat' dir='ltr'>phrasis</span> <span class='ocrx_word' id='word_1_30' title='bbox 378 558 517 608; x_wconf 86' lang='lat' dir='ltr'>locos,</span> <span class='ocrx_word' id='word_1_31' title='bbox 563 558 637 611; x_wconf 89' lang='lat' dir='ltr'>qui</span> <span class='ocrx_word' id='word_1_32' title='bbox 681 558 737 599; x_wconf 88' lang='lat' dir='ltr'>ad</span> <span class='ocrx_word' id='word_1_33' title='bbox 781 558 982 612; x_wconf 90' lang='lat' dir='ltr'>singulas</span> <span class='ocrx_word' id='word_1_34' title='bbox 1027 568 1243 611; x_wconf 78' lang='lat' dir='ltr'>personas</span> <span class='ocrx_word' id='word_1_35' title='bbox 1286 557 1519 611; x_wconf 84' lang='lat' dir='ltr'>pertinent,</span> <span class='ocrx_word' id='word_1_36' title='bbox 1562 556 1742 606; x_wconf 90' lang='lat' dir='ltr'>contuli,</span> <span class='ocrx_word' id='word_1_37' title='bbox 1786 568 1840 598; x_wconf 93' lang='lat' dir='ltr'>ne</span> 
     </span>
     <span class='ocr_line' id='line_1_6' title="bbox 155 625 1841 682; baseline -0.001 -12"><span class='ocrx_word' id='word_1_38' title='bbox 155 641 325 671; x_wconf 92' lang='lat' dir='ltr'>morum</span> <span class='ocrx_word' id='word_1_39' title='bbox 349 628 590 682; x_wconf 85' lang='lat' dir='ltr'>descriptio</span> <span class='ocrx_word' id='word_1_40' title='bbox 610 639 766 669; x_wconf 88' lang='lat' dir='ltr'>manca</span> <span class='ocrx_word' id='word_1_41' title='bbox 788 630 921 681; x_wconf 88' lang='lat' dir='ltr'>atque</span> <span class='ocrx_word' id='word_1_42' title='bbox 945 631 1066 670; x_wconf 92' lang='lat' dir='ltr'>curta</span> <span class='ocrx_word' id='word_1_43' title='bbox 1087 628 1320 670; x_wconf 89' lang='lat' dir='ltr'>videretur.</span> <span class='ocrx_word' id='word_1_44' title='bbox 1347 626 1495 669; x_wconf 85' lang='lat' dir='ltr'>Altero</span> <span class='ocrx_word' id='word_1_45' title='bbox 1519 627 1663 681; x_wconf 91' lang='lat' dir='ltr'>capite</span> <span class='ocrx_word' id='word_1_46' title='bbox 1686 625 1841 669; x_wconf 89' lang='lat' dir='ltr'>ordine</span> 
     </span>
     <span class='ocr_line' id='line_1_7' title="bbox 154 695 1843 752; baseline -0.002 -11"><span class='ocrx_word' id='word_1_47' title='bbox 154 699 299 741; x_wconf 92' lang='lat' dir='ltr'>dicam</span> <span class='ocrx_word' id='word_1_48' title='bbox 337 699 392 740; x_wconf 90' lang='lat' dir='ltr'>de</span> <span class='ocrx_word' id='word_1_49' title='bbox 425 698 613 740; x_wconf 90' lang='lat' dir='ltr'>diversis</span> <span class='ocrx_word' id='word_1_50' title='bbox 632 697 744 740; x_wconf 92' lang='lat' dir='ltr'>locis</span> <span class='ocrx_word' id='word_1_51' title='bbox 763 698 1028 752; x_wconf 85' lang='lat' dir='ltr'>insignibus,</span> <span class='ocrx_word' id='word_1_52' title='bbox 1048 698 1123 751; x_wconf 93' lang='lat' dir='ltr'>qui</span> <span class='ocrx_word' id='word_1_53' title='bbox 1144 698 1369 751; x_wconf 83' lang='lat' dir='ltr'>capitibus</span> <span class='ocrx_word' id='word_1_54' title='bbox 1385 695 1668 739; x_wconf 91' lang='lat' dir='ltr'>XVlll—XlX</span> <span class='ocrx_word' id='word_1_55' title='bbox 1686 708 1843 739; x_wconf 92' lang='lat' dir='ltr'>occur-</span> 
     </span>
     <span class='ocr_line' id='line_1_8' title="bbox 155 767 1842 811; baseline -0.001 0"><span class='ocrx_word' id='word_1_56' title='bbox 155 771 253 811; x_wconf 91' lang='lat' dir='ltr'>runt</span> <span class='ocrx_word' id='word_1_57' title='bbox 274 769 330 811; x_wconf 89' lang='lat' dir='ltr'>ad</span> <span class='ocrx_word' id='word_1_58' title='bbox 349 769 575 811; x_wconf 89' lang='lat' dir='ltr'>historiam</span> <span class='ocrx_word' id='word_1_59' title='bbox 595 768 775 810; x_wconf 91' lang='lat' dir='ltr'>Domini</span> <span class='ocrx_word' id='word_1_60' title='bbox 796 768 1067 811; x_wconf 87' lang='lat' dir='ltr'>calamitates</span> <span class='ocrx_word' id='word_1_61' title='bbox 1087 769 1330 810; x_wconf 90' lang='lat' dir='ltr'>haurientis</span> <span class='ocrx_word' id='word_1_62' title='bbox 1354 767 1658 810; x_wconf 87' lang='lat' dir='ltr'>illustrandam</span> <span class='ocrx_word' id='word_1_63' title='bbox 1679 767 1842 809; x_wconf 91' lang='lat' dir='ltr'>idonei.</span> 
     </span>
     <span class='ocr_line' id='line_1_9' title="bbox 155 838 1842 892; baseline -0.001 -11"><span class='ocrx_word' id='word_1_64' title='bbox 155 839 431 882; x_wconf 84' lang='lat' dir='ltr'>Postremum</span> <span class='ocrx_word' id='word_1_65' title='bbox 476 839 620 892; x_wconf 88' lang='lat' dir='ltr'>capite</span> <span class='ocrx_word' id='word_1_66' title='bbox 663 839 804 889; x_wconf 89' lang='lat' dir='ltr'>tertio,</span> <span class='ocrx_word' id='word_1_67' title='bbox 838 838 999 880; x_wconf 91' lang='lat' dir='ltr'>addam</span> <span class='ocrx_word' id='word_1_68' title='bbox 1033 838 1347 892; x_wconf 85' lang='lat' dir='ltr'>appendicem,</span> <span class='ocrx_word' id='word_1_69' title='bbox 1381 849 1473 891; x_wconf 89' lang='lat' dir='ltr'>quo</span> <span class='ocrx_word' id='word_1_70' title='bbox 1506 838 1655 880; x_wconf 90' lang='lat' dir='ltr'>omnia</span> <span class='ocrx_word' id='word_1_71' title='bbox 1692 839 1842 880; x_wconf 89' lang='lat' dir='ltr'>notatu</span> 
     </span>
     <span class='ocr_line' id='line_1_10' title="bbox 154 907 1842 964; baseline -0.001 -13"><span class='ocrx_word' id='word_1_72' title='bbox 154 909 301 964; x_wconf 86' lang='lat' dir='ltr'>digna,</span> <span class='ocrx_word' id='word_1_73' title='bbox 335 921 449 962; x_wconf 89' lang='lat' dir='ltr'>quae</span> <span class='ocrx_word' id='word_1_74' title='bbox 482 920 552 951; x_wconf 89' lang='lat' dir='ltr'>res</span> <span class='ocrx_word' id='word_1_75' title='bbox 585 908 808 962; x_wconf 90' lang='lat' dir='ltr'>prioribus</span> <span class='ocrx_word' id='word_1_76' title='bbox 841 909 1064 962; x_wconf 88' lang='lat' dir='ltr'>capitibus</span> <span class='ocrx_word' id='word_1_77' title='bbox 1097 909 1303 950; x_wconf 88' lang='lat' dir='ltr'>tractatas</span> <span class='ocrx_word' id='word_1_78' title='bbox 1337 908 1478 962; x_wconf 88' lang='lat' dir='ltr'>magis</span> <span class='ocrx_word' id='word_1_79' title='bbox 1511 907 1735 961; x_wconf 89' lang='lat' dir='ltr'>explicant</span> <span class='ocrx_word' id='word_1_80' title='bbox 1761 919 1842 949; x_wconf 93' lang='lat' dir='ltr'>nec</span> 
     </span>
     <span class='ocr_line' id='line_1_11' title="bbox 153 977 1842 1033; baseline -0.001 -12"><span class='ocrx_word' id='word_1_81' title='bbox 153 982 299 1022; x_wconf 83' lang='lat' dir='ltr'>tamen</span> <span class='ocrx_word' id='word_1_82' title='bbox 341 980 521 1022; x_wconf 89' lang='lat' dir='ltr'>easdem</span> <span class='ocrx_word' id='word_1_83' title='bbox 565 979 663 1032; x_wconf 89' lang='lat' dir='ltr'>ipsa</span> <span class='ocrx_word' id='word_1_84' title='bbox 704 979 936 1033; x_wconf 88' lang='lat' dir='ltr'>attingunt,</span> <span class='ocrx_word' id='word_1_85' title='bbox 970 978 1277 1032; x_wconf 91' lang='lat' dir='ltr'>disponentur.</span> <span class='ocrx_word' id='word_1_86' title='bbox 1311 977 1406 1019; x_wconf 88' lang='lat' dir='ltr'>Hoc</span> <span class='ocrx_word' id='word_1_87' title='bbox 1440 977 1644 1020; x_wconf 88' lang='lat' dir='ltr'>modesto</span> <span class='ocrx_word' id='word_1_88' title='bbox 1677 978 1842 1020; x_wconf 90' lang='lat' dir='ltr'>disser-</span> 
     </span>
     <span class='ocr_line' id='line_1_12' title="bbox 154 1047 1843 1104; baseline -0.002 -12"><span class='ocrx_word' id='word_1_89' title='bbox 154 1050 334 1092; x_wconf 86' lang='lat' dir='ltr'>tationis</span> <span class='ocrx_word' id='word_1_90' title='bbox 368 1049 637 1104; x_wconf 89' lang='lat' dir='ltr'>inauguralis</span> <span class='ocrx_word' id='word_1_91' title='bbox 670 1049 917 1103; x_wconf 92' lang='lat' dir='ltr'>specimine</span> <span class='ocrx_word' id='word_1_92' title='bbox 949 1059 1082 1103; x_wconf 92' lang='lat' dir='ltr'>spero</span> <span class='ocrx_word' id='word_1_93' title='bbox 1110 1048 1218 1099; x_wconf 83' lang='lat' dir='ltr'>fore,</span> <span class='ocrx_word' id='word_1_94' title='bbox 1243 1049 1288 1090; x_wconf 87' lang='lat' dir='ltr'>ut</span> <span class='ocrx_word' id='word_1_95' title='bbox 1310 1047 1456 1089; x_wconf 88' lang='lat' dir='ltr'>Nonni</span> <span class='ocrx_word' id='word_1_96' title='bbox 1481 1048 1707 1089; x_wconf 88' lang='lat' dir='ltr'>christiani</span> <span class='ocrx_word' id='word_1_97' title='bbox 1731 1047 1843 1090; x_wconf 82' lang='lat' dir='ltr'>fides</span> 
     </span>
     <span class='ocr_line' id='line_1_13' title="bbox 153 1117 1844 1175; baseline -0.001 -13"><span class='ocrx_word' id='word_1_98' title='bbox 153 1123 196 1162; x_wconf 90' lang='lat' dir='ltr'>et</span> <span class='ocrx_word' id='word_1_99' title='bbox 243 1120 397 1175; x_wconf 87' lang='lat' dir='ltr'>religio</span> <span class='ocrx_word' id='word_1_100' title='bbox 440 1120 581 1174; x_wconf 89' lang='lat' dir='ltr'>magis</span> <span class='ocrx_word' id='word_1_101' title='bbox 625 1119 798 1161; x_wconf 89' lang='lat' dir='ltr'>eluceat</span> <span class='ocrx_word' id='word_1_102' title='bbox 839 1119 1026 1174; x_wconf 78' lang='lat' dir='ltr'>eJ&#39;usque</span> <span class='ocrx_word' id='word_1_103' title='bbox 1068 1118 1287 1173; x_wconf 88' lang='lat' dir='ltr'>evangelii</span> <span class='ocrx_word' id='word_1_104' title='bbox 1325 1117 1511 1173; x_wconf 89' lang='lat' dir='ltr'>Joannei</span> <span class='ocrx_word' id='word_1_105' title='bbox 1556 1117 1844 1172; x_wconf 84' lang='lat' dir='ltr'>Paraphrasis</span> 
     </span>
     <span class='ocr_line' id='line_1_14' title="bbox 152 1189 1469 1244; baseline -0.002 -12"><span class='ocrx_word' id='word_1_106' title='bbox 152 1191 383 1244; x_wconf 80' lang='lat' dir='ltr'>aliquanto</span> <span class='ocrx_word' id='word_1_107' title='bbox 417 1190 575 1232; x_wconf 88' lang='lat' dir='ltr'>melius</span> <span class='ocrx_word' id='word_1_108' title='bbox 608 1191 905 1244; x_wconf 87' lang='lat' dir='ltr'>cognoscatur</span> <span class='ocrx_word' id='word_1_109' title='bbox 937 1189 1168 1243; x_wconf 87' lang='lat' dir='ltr'>plurisque</span> <span class='ocrx_word' id='word_1_110' title='bbox 1201 1189 1469 1230; x_wconf 87' lang='lat' dir='ltr'>aestimetur.</span> 
     </span>
    </p>
   </div>
  </div>
 </body>
</html>
