2180 3606
953 193 1034 234 119

151 326 397 374 ἐλάσσας.
439 319 602 364 Contra
644 326 806 374 ἐάσας
837 333 924 363 vox
957 333 1056 363 cum
1091 322 1325 376 participio
1359 322 1594 377 coniuncta
1628 324 1670 365 in
1704 323 1836 367 Para-

152 392 300 445 phrasi
335 392 491 446 legitur

198 477 280 513 Par.
307 478 367 521 lv,
395 479 482 514 193:
532 472 662 511 οὔασι
688 474 1000 518 πειθομένοισι
1026 476 1286 521 πεπηγότ
1304 490 1331 511 α
1356 479 1511 520 μῦθον
1538 474 1728 524 ἐάσας,

153 551 193 592 et
235 561 335 591 cum
372 549 592 603 adiectivo
635 554 995 603 ἀφύλακτος,
1044 550 1165 603 quod
1200 551 1435 605 participio
1467 550 1557 594 iere
1592 551 1737 594 simile
1771 553 1837 595 est

198 635 281 672 Par.
306 635 353 679 X,
378 638 445 672 43:
1332 633 1435 680 ὀξὺς
1472 633 1651 681 ἐάσας

385 708 452 742 44;
502 703 787 749 βοσκομένων
813 702 928 749 ἀφύ
944 707 1086 740 λακτ
1102 718 1129 739 α
1154 703 1418 741 πολύπλανοι
1443 705 1565 742 πώεα
1590 705 1759 752 μήλων,

152 781 193 821 et
225 782 307 819 Par.
333 782 431 827 XIX,
457 784 524 819 56:
552 778 804 825 ἀπήμονα
832 785 993 816 τοῦτον
1020 778 1197 826 ἐάσας.
1229 778 1281 820 Αῒ
1302 779 1570 822 vocabulum
1594 780 1837 827 ἑλάσας’)

153 873 203 877 -
239 860 340 891 nam
373 854 607 901 ἐλάσσας
640 849 682 889 in
717 847 977 902 Paraphrasi
1013 859 1101 890 non
1136 850 1325 891 occurrit
1357 874 1409 877 —
1442 862 1530 892 non
1555 849 1837 905 participium

152 919 436 974 coniunctum
482 918 561 961 sed
604 918 828 973 obJ'ectum
871 919 1177 960 tantummodo
1221 919 1365 962 habet.
1400 919 1629 962 Praeterea
1661 926 1841 973 ἐάσας

153 1001 368 1044 persaepe
402 990 444 1031 in
478 988 739 1043 Paraphrasi
775 989 932 1044 legitur
954 989 1089 1042 idque
1113 1000 1289 1044 semper
1312 990 1355 1031 in
1379 990 1465 1032 fine
1488 1001 1658 1033 versus.
1691 989 1838 1044 ltaque

153 1072 251 1103 curn
285 1059 455 1102 Tiedke
488 1065 666 1113 ἐάσας
699 1059 936 1114 legendum
971 1061 1048 1101 est.

210 1129 259 1172 V.
292 1130 348 1172 95
376 1129 519 1172 codex
541 1129 575 1171 V
599 1129 777 1171 exhibet
809 1130 1044 1171 lectionem
1077 1135 1420 1185 ομοτρήτοιο
1439 1139 1481 1184 ’),
1522 1131 1651 1173 ceteri
1678 1131 1842 1173 habent

152 1207 466 1255 ὁμοτρήτῳ
505 1207 581 1249 δέ,
626 1197 886 1241 Scheindler
929 1199 1120 1254 conjecit
1162 1202 1203 1242 et
1240 1201 1282 1241 in
1317 1202 1482 1242 textum
1516 1201 1682 1254 recepit
1714 1207 1842 1253 ομο-

153 1278 419 1326 τρήτοισι.
452 1270 704 1313 Lectionem
738 1275 1080 1325 ὁμοτρήτοιο
1114 1272 1374 1313 structuram
1405 1273 1446 1313 et
1469 1272 1841 1325 compositionem

153 1342 386 1385 verborum
422 1341 666 1384 dissolvere
700 1340 981 1383 manifestum
1015 1342 1093 1383 est.
1127 1340 1272 1383 Altera
1300 1340 1431 1383 lectio
1464 1346 1757 1396 ὁμοτρήτῳ
1784 1349 1843 1386 δέ

154 1424 253 1455 cum
294 1424 404 1454 voce
443 1419 649 1466 γόμφῳ
691 1411 902 1466 conjungi
946 1412 1112 1465 nequit,
1157 1423 1256 1453 cum
1291 1412 1444 1454 clavus
1478 1412 1680 1463 „simul
1725 1423 1843 1466 per-

153 1482 508 1526 terebratus'’
542 1493 640 1525 esse
675 1494 763 1524 non
797 1481 954 1536 possit,
990 1493 1134 1536 neque
1164 1482 1534 1536 simplexjclavus
1567 1483 1593 1524 i.
1625 1494 1660 1524 e.
1701 1488 1844 1536 ἄζυξ

152 1562 363 1608 γόμφος
397 1553 613 1604 „simul
657 1565 786 1595 cum
820 1552 954 1595 alio
989 1553 1173 1594 clavo
1207 1553 1720 1607 perterebrans’'.
1755 1551 1843 1596 Sed

153 1629 558 1680 ὁμοτρὴτοισι
591 1624 757 1677 optime
791 1623 979 1677 quadrat
1009 1624 1109 1665 voci
1143 1633 1360 1668 ποσσίν
1394 1624 1436 1666 in
1470 1636 1510 1666 v.
1543 1623 1612 1666 97.

211 1694 259 1738 V.
292 1695 349 1737 96
387 1694 592 1737 codicum
628 1694 758 1736 lectio
800 1693 944 1749 ἦτορ,
984 1695 1010 1736 i.
1039 1706 1075 1736 e.
1112 1694 1276 1745 „cor’'‚
1311 1694 1523 1748 explicari
1559 1706 1647 1736 non
1683 1696 1842 1748 potest.

153 1766 250 1808 Vox
291 1769 479 1821 ἔπορ’,
514 1776 627 1819 quae
662 1765 915 1820 conjectura
948 1764 1121 1807 Kochlii
1158 1767 1236 1815 est,
1271 1765 1329 1806 ob
1363 1764 1596 1807 elisionem
1632 1764 1842 1806 Ludwich

155 1838 270 1879 recte
313 1832 525 1890 rejecit2).
568 1833 733 1878 Contra
765 1835 1033 1877 vocabulum
1075 1840 1262 1889 ἕλκος,
1306 1836 1483 1886 vulnus,
1518 1836 1640 1890 quod
1673 1835 1843 1878 Tiedke

155 1907 358 1961 coniecit,
392 1904 653 1949 Scheindler
685 1907 728 1948 in
761 1907 926 1948 textum
961 1907 1139 1961 recepit,
1166 1909 1305 1949 totum
1328 1906 1564 1948 verborum
1589 1908 1843 1948 contextum

155 1978 335 2033 planum
369 1978 485 2020 facit.

213 2047 345 2099 Quod
388 2049 443 2091 ad
488 2049 748 2090 structuram
792 2048 1026 2090 verborum
1070 2061 1108 2090 v.
1156 2048 1330 2090 92—97
1372 2049 1537 2098 attinet,
1596 2049 1839 2091 accusativi

154 2127 553 2175 πεπαρμένον,
589 2124 824 2173 ἔχοντα,
852 2128 1268 2175 τετορημένον
1295 2120 1515 2174 pertinent
1537 2119 1592 2161 ad
1617 2118 1842 2173 objectum

155 2196 342 2245 (αὐτόν
374 2192 399 2233 i.
420 2202 456 2233 e.
491 2188 735 2244 Christum)
769 2190 889 2232 verbi
924 2196 1309 2244 ε’ξετάνυοσαν.
1342 2189 1460 2231 Nihil
1499 2192 1644 2232 autem
1684 2189 1843 2239 obstat,

155 2261 291 2316 quod,
325 2261 398 2303 ubi
434 2262 488 2304 de
516 2273 724 2303 manuum
747 2260 1033 2303 transfixione
1056 2262 1211 2316 agitur,
1235 2260 1507 2303 constructio
1530 2260 1759 2303 transitiva
1781 2271 1843 2302 sc.

155 2339 583 2387 ὲπισφίγξαντες
606 2332 844 2387 praecedit.
863 2331 1013 2386 ltaque
1033 2332 1351 2383 „extenderunt
1369 2329 1625 2385 (Jesum)...
1651 2330 1845 2385 pedibus

154 2403 285 2446 simul
315 2403 547 2457 perforatis
571 2404 612 2444 et
634 2403 885 2457 conjunctis
909 2414 997 2444 uno
1022 2402 1149 2445 clavo
1172 2402 1443 2452 transfixum,
1468 2401 1635 2456 duplex
1657 2398 1844 2455 (tamen)

155 2474 316 2516 vulnus
349 2474 598 2524 habentem,
632 2485 722 2515 uno
755 2474 842 2515 ictu
876 2472 1183 2524 transfossum,
1217 2471 1282 2526 (id
1316 2472 1437 2526 quod
1472 2469 1581 2525 erat)
1605 2471 1844 2513 inflexibile

155 2544 382 2586 vinculum
430 2543 685 2598 perniciei''‚
735 2555 796 2586 sc.
845 2544 903 2586 ita
951 2546 996 2586 ut
1041 2543 1133 2586 fieri
1178 2555 1265 2585 non
1310 2544 1477 2597 posset,
1520 2542 1627 2596 quin
1671 2542 1843 2596 periret.

155 2614 448 2658 Accusativus
491 2615 608 2656 enim
651 2621 901 2667 ὰκαμπέα
936 2622 1143 2667 δεσμόν
1176 2616 1241 2656 est
1278 2614 1518 2668 appositio,
1552 2624 1667 2666 quae
1700 2624 1845 2667 gram-

158 2686 315 2728 matice
358 2686 566 2728 convenit
607 2697 706 2727 curn
751 2696 857 2727 casu
895 2685 1073 2740 objecti,
1107 2685 1186 2727 sed
1221 2685 1365 2739 logice
1399 2684 1588 2738 pertinet
1620 2683 1674 2725 ad
1708 2685 1842 2726 totam

157 2757 390 2799 actionem.
424 2754 603 2810 Optime
637 2755 824 2797 conferri
859 2757 1005 2809 potest
1038 2760 1074 2795 ll.
1103 2759 1162 2802 lv,
1188 2759 1278 2794 733:
1470 2753 1497 2800 ἤ
1520 2767 1588 2800 τις
1613 2751 1798 2800 Ἀχαίων

157 2837 248 2873 734:
287 2833 411 2881 ῥίψει
437 2834 508 2879 (sc.
535 2831 690 2880 αὐτὸν)
718 2833 864 2881 χειρὸς
890 2831 1004 2870 ἑλὼν
1031 2830 1116 2868 ἀπὸ
1142 2830 1325 2878 πύργου,
1353 2829 1557 2877 λυγρὸν
1585 2827 1844 2877 ὄλεθρον,

213 3024 238 3068 ¹)
266 3024 349 3061 Par.
376 3024 468 3068 V111,
492 3026 561 3068 95;
586 3024 647 3069 IX,
673 3026 729 3060 72.
1055 3023 1082 3066 ²)
1110 3022 1168 3058 Cf.
1196 3022 1394 3065 Ludwich,
1422 3021 1536 3057 Beitr.
1563 3030 1598 3066 p.
1628 3021 1681 3056 17.

212 3082 240 3128 ¹³)
268 3083 306 3119 ln
333 3082 417 3119 Par.
443 3080 482 3127 †.
