2180 3606
1151 196 1208 237 42

335 325 511 368 Petrum
545 328 689 368 autem
726 327 826 368 loco
860 325 1040 367 laudato
1075 325 1285 380 maJorem
1320 328 1422 368 natu
1457 327 1543 368 dici
1572 325 1812 368 verisimile
1836 338 1924 369 non
1947 327 2028 369 est.

336 397 457 439 Licet
497 398 613 439 enim
647 397 738 438 fieri
773 396 930 450 possit,
965 398 1010 437 ut
1042 396 1214 438 dicatur
1245 397 1385 451 major
1417 399 1519 439 natu
1554 409 1687 450 quam
1721 396 1829 439 alter
1860 394 2028 446 Simon,

336 468 412 522 qui
461 471 528 510 est
573 468 763 517 Zelotes,
812 469 887 508 aut
934 478 1067 520 quam
1113 468 1243 509 ceteri
1288 479 1445 510 omnes
1477 465 1687 521 apostoli,
1721 469 1880 519 tamen,
1914 479 2029 521 quae

336 539 445 580 ratio
484 537 753 591 suppeditet,
788 548 865 578 cur
898 537 956 578 ita
988 537 1075 587 fiat,
1110 549 1198 578 non
1233 537 1378 587 video,
1413 538 1668 592 praesertim
1704 548 1803 579 cum
1838 549 2031 593 evange-

336 609 442 651 lium
472 608 718 662 Joanneum
752 607 807 649 de
842 605 1022 650 Simone
1055 607 1209 650 Zelota
1233 620 1319 650 non
1346 609 1563 662 loquatur.
1587 608 1747 650 Verum
1771 609 2030 651 vertendum

335 691 459 722 esse:
497 679 657 733 „priori
687 675 858 720 Simoni
884 678 1080 720 adstitit’'
1106 690 1193 720 non
1219 690 1404 732 possum
1428 679 1692 733 approbare.
1717 678 1886 721 Etenim
1910 679 2030 734 apud

335 752 541 792 auctores
575 759 762 803 graecos
795 749 1052 791 inusitatum
1087 751 1167 800 est,
1196 751 1241 790 ut
1273 749 1516 791 adhibeant
1548 761 1704 791 vocem
1737 757 2032 805 πρεσβύτερος

335 820 390 862 ad
438 819 727 861 indicandum
770 820 985 870 ordinem,
1030 820 1105 873 qui
1141 821 1252 862 inter
1285 820 1397 862 duas
1430 821 1630 862 actiones
1665 820 1916 871 intercedit;
1951 821 2031 862 sed

335 892 420 933 hoc
463 890 686 932 vocabulo
729 890 789 932 ita
833 892 1024 942 utuntur,
1069 892 1114 932 ut
1158 892 1337 945 propria
1374 891 1465 933 vis:
1503 891 1670 945 „maJOr
1702 892 1820 941 natu,
1853 891 2031 934 senior‘’

335 962 617 1015 aliquatenus
635 963 845 1003 servetur.
865 961 1014 1015 ltaque
1039 973 1108 1003 res
1132 962 1230 1015 ipsa
1251 969 1528 1017 πρεσβυτέρα
1550 962 1709 1003 dicitur
1726 973 1858 1015 quam
1882 962 2031 1012 altera,

335 1044 404 1074 res
438 1044 538 1074 cum
573 1043 617 1073 re
651 1034 945 1086 comparatur.
980 1030 1068 1075 Sed
1093 1033 1148 1074 ad
1174 1033 1500 1087 designandum
1526 1032 1741 1083 ordinem,
1766 1044 1857 1086 quo
1876 1032 2031 1075 eadem

334 1103 451 1145 actio
485 1102 668 1144 refertur
698 1103 754 1145 ad
788 1103 901 1144 hanc
936 1115 1025 1145 rem
1061 1104 1321 1157 priusquam
1355 1104 1411 1146 ad
1435 1104 1629 1154 alteram,
1653 1103 1799 1145 solent
1821 1103 2032 1146 adhibere

336 1185 493 1215 vocem
516 1181 742 1229 πρότερος.
777 1171 989 1228 Superest
1012 1175 1155 1228 igitur,
1180 1176 1225 1216 ut
1248 1174 1376 1216 locus
1399 1174 1605 1216 laudatus
1627 1176 1843 1217 vertatur:
1870 1186 2033 1225 „vene-

337 1245 532 1287 rabiliori
582 1242 753 1287 Simoni
802 1244 1013 1287 adstitit’'.
1064 1243 1237 1294 Quodsi
1288 1246 1346 1287 ita
1394 1247 1472 1296 est,
1522 1246 1811 1299 paraphrasta
1855 1246 2032 1288 verbis:

335 1323 621 1372 πρεσβυτέρῳ
661 1326 835 1368 Σίμωνι
870 1326 1116 1371 παρίστατο
1159 1329 1247 1358 non
1283 1317 1407 1358 iterat
1440 1329 1503 1366 ea,
1538 1329 1653 1370 quae
1686 1328 1817 1359 Versu
1851 1328 2034 1370 praece-

337 1387 457 1428 denti
492 1387 733 1440 expliCHVit
765 1387 938 1429 verbis:
973 1393 1220 1443 ἀρχόμενος
1246 1397 1464 1441 Σίμωνος,
1498 1388 1578 1429 Sed
1611 1389 1811 1443 aSSignat
1838 1398 2033 1437 CRUSam,

337 1470 414 1499 cur
446 1456 575 1499 Petro
610 1457 750 1511 pedes
774 1457 974 1500 laventur
996 1459 1199 1512 primum.
1224 1456 1404 1513 Quippe
1428 1460 1518 1501 erat
1539 1459 1837 1501 venerabilior
1859 1459 2031 1501 ceteris.

337 1527 433 1570 Hoc
476 1530 621 1570 autem
666 1529 1001 1582 paraphrastam
1045 1529 1192 1571 dicere
1233 1530 1433 1571 voluisse
1467 1542 1555 1571 non
1590 1531 1669 1580 est,
1703 1541 1780 1571 cur
1812 1530 2031 1571 miremur.

336 1598 447 1640 Nam
482 1599 523 1640 et
557 1599 837 1654 evangelium
871 1599 913 1642 et
947 1600 1043 1654 ejus
1076 1601 1361 1654 paraphrasis
1394 1601 1562 1655 passim
1587 1596 1618 1654 ¹)
1652 1596 1825 1642 Petrum
1860 1599 2033 1655 praefe-

337 1671 436 1711 runt
469 1670 627 1712 ceteris
661 1670 894 1724 apostolis.

395 1737 484 1782 Sed
528 1742 574 1782 ut
612 1741 755 1794 ipsam
791 1753 880 1783 rem
914 1740 1159 1796 aggrediar,
1194 1753 1307 1795 quae
1341 1742 1531 1785 Nonnus
1565 1742 1698 1784 habet
1730 1742 1785 1784 de
1818 1742 2032 1785 missione

335 1810 464 1863 Petri,
498 1813 602 1854 sunt
634 1812 765 1854 haec:

334 1880 530 1924 Par.XX1,
547 1882 588 1916 81
609 1893 617 1917 ;
668 1878 894 1925 εἰλαπίνης
921 1875 1152 1923 δ’ἔψαυσε·
1178 1882 1252 1916 καὶ
1279 1879 1346 1917 εἰν
1372 1877 1438 1916 ἑνὶ
1464 1879 1631 1926 πάντας
1658 1877 1790 1926 ἐάσας

473 1953 542 1988 82;
594 1949 786 1995 ίχθυόεν
811 1951 925 1995 μετὰ
952 1953 1136 1987 δεῖπνον
1163 1949 1480 1999 ἀδαιτρεύτοιο
1506 1950 1719 1999 τραπέζης

474 2024 543 2059 83:
595 2019 823 2069 ιἰγχιπόρῳ
848 2023 1023 2066 Σίμωνι
1049 2021 1272 2070 θεηγόρον
1298 2019 1450 2058 ἔννεπε
1477 2021 1644 2068 φωνήν·

473 2095 543 2130 84;
593 2093 762 2136 Σίμων,
790 2091 970 2138 γνήσιον
997 2089 1122 2140 ἔρνος
1144 2089 1354 2130 Ἰωάνναο
1381 2098 1550 2139 τοκῆος,

475 2165 544 2201 85:
595 2162 857 2209 συμμιγέων
882 2161 961 2208 ἐμὲ
986 2167 1164 2208 μᾶλλον
1190 2162 1311 2200 ὅλων
1337 2161 1509 2211 ἑτάρων
1535 2162 1796 2210 ἀγαπάζεις;

475 2236 542 2272 86:
597 2236 672 2270 καί
703 2233 745 2270 οἱ
774 2234 944 2283 Πέτρος
970 2231 1068 2281 ἔφη·
1094 2238 1168 2272 ναὶ
1194 2237 1388 2283 κοίρανε,
1414 2238 1489 2272 καὶ
1515 2235 1570 2271 σὺ
1597 2235 1649 2271 δὲ
1676 2238 1814 2282 θυμῷ

475 2308 544 2343 87:
599 2296 742 2350 οἶδας,
769 2302 877 2342 ὅσον
904 2305 1046 2352 φιλέω
1073 2315 1134 2347 σε,
1166 2308 1240 2342 καὶ
1266 2303 1321 2342 οὐ
1346 2304 1520 2350 μύθοιο
1545 2307 1752 2351 χατίζεις.

475 2379 545 2415 88:
595 2378 670 2412 καὶ
698 2376 878 2422 ζαθέοις
904 2375 1201 2420 στομάτεσσιν
1228 2374 1339 2422 ἄναξ
1364 2374 1627 2413 ἐπετέλλετο
1655 2375 1826 2423 Πέτρῳ·

477 2449 546 2485 89:
596 2446 729 2492 βόσκε
754 2460 836 2492 μοι
860 2443 1088 2495 ἔμφρονας
1115 2445 1251 2494 ἄρνας
1277 2445 1514 2493 ἀσιγὴτους
1537 2448 1564 2491 ²)
1591 2446 1666 2483 σέο
1692 2446 1862 2494 ῥάβδῳ.

475 2519 545 2555 90:
590 2516 757 2563 Ἰησοῦς
784 2514 1021 2565 δ’έρέεινεν
1050 2515 1270 2563 ἀμοιβάδι
1298 2517 1471 2565 Πέτρον
1499 2517 1593 2564 ἰωῇ·

477 2591 545 2626 91;
597 2589 766 2632 Σίμων,
794 2586 1097 2634 ἀγλαόπαιδος
1118 2585 1329 2625 Ἰωάνναο
1355 2587 1560 2635 γενέθλη,

477 2661 545 2696 92:
596 2664 768 2703 μοῦνον
796 2656 1052 2706 ὁμοζυγέων
1079 2659 1248 2705 φιλέεις
1274 2657 1353 2704 ἐμὲ
1378 2661 1555 2704 μᾶλλον
1581 2656 1801 2706 έταίρων,·

478 2731 547 2767 93:
597 2731 672 2765 καὶ
698 2729 890 2776 πετάσας
915 2732 1095 2776 βασιλῆι
1122 2729 1173 2766 τὸ
1200 2727 1416 2777 δεύτερον
1443 2727 1705 2776 ἀνθερεῶνα

477 2802 545 2837 94;
598 2797 849 2848 ἀνδρομέης
875 2799 1031 2847 ἀγέλης
1058 2798 1209 2846 ἁλιεὺς
1233 2798 1485 2846 ἐφθέγξατο
1512 2801 1681 2844 Σίμων·

477 2873 546 2909 95;
598 2873 684 2910 ναί,
713 2876 913 2918 βασιλεῦ·
941 2872 995 2909 σὺ
1022 2872 1075 2908 δὲ
1099 2872 1272 2920 μάρτυς
1297 2870 1403 2918 έμῆς
1428 2871 1591 2919 φρενὸς
1616 2863 1756 2908 οἶσθα
1783 2873 1858 2908 καὶ
1888 2868 2034 2917 αὐτός,

390 3036 417 3080 ¹)
445 3036 503 3073 Cf.
529 3037 613 3074 Par.
640 3038 664 3081 1,
694 3039 760 3074 162
785 3049 869 3084 sqq.
896 3053 937 3068 =
961 3040 1018 3086 Jo.
1046 3039 1069 3083 1,
1095 3040 1165 3082 43;
1191 3039 1275 3075 Par.
1302 3039 1362 3083 VI,
1389 3039 1459 3075 209
1484 3048 1569 3083 sqq.
1596 3051 1638 3066 =
1660 3039 1718 3084 Jo.
1744 3038 1805 3082 Vl,
1830 3038 1876 3074 67
1903 3047 2000 3083 sqq..

386 3094 416 3139 ²)
445 3096 498 3132 lta
524 3096 775 3141 Scheindler;
802 3099 960 3134 codices
986 3100 1128 3144 vulgo:
1155 3096 1327 3144 ἀσιγήτῳ.
