2180 3606
999 212 1078 254 125

202 341 419 399 effectum,
438 353 570 395 quam
590 341 752 395 pedum
772 341 933 383 facturn
954 353 1042 383 uno
1061 341 1202 383 clavo.
1222 340 1370 394 ltaque
1385 339 1550 393 Joseph
1570 338 1702 382 solvit
1720 338 1886 393 duplex

203 412 441 463 vinculum,
476 423 683 454 manuum
709 411 906 462 alterum,
929 411 1110 454 alterum
1137 411 1314 465 pedum.
1349 409 1577 452 Praeterea
1600 408 1767 463 duplex
1789 409 1886 450 vin-

203 481 348 524 culum
374 483 458 524 hoc
482 482 610 524 etiam
636 481 769 523 modo
793 481 1003 535 explicari
1028 483 1187 536 potest.
1211 479 1322 524 Cum
1347 481 1463 522 enim
1483 490 1639 522 manus
1657 479 1886 533 pedesque

203 550 363 594 Christi
413 553 560 594 vincta
607 563 706 594 esse
751 551 952 594 dicantur
993 551 1273 606 quadruplici
1316 550 1520 593 vinculo:
1565 556 1888 605 τετράςυγι

203 632 415 678 δεσμῷ,
464 624 697 677 propterea
744 623 866 676 quod
915 624 1104 676 quatuor
1146 622 1254 664 haec
1298 621 1495 664 membra
1534 620 1742 662 transfixa
1786 620 1886 669 sint,

203 704 410 746 manuum
443 691 668 735 vinculum
702 692 789 734 dici
825 694 972 747 potest
1003 692 1171 747 duplex
1202 693 1296 734 sive
1330 703 1419 734 uno
1443 691 1569 733 clavo
1592 690 1686 733 sive
1709 689 1888 732 duobus

202 763 472 807 transfossae
504 763 605 806 sint.
639 762 766 805 Haud
800 774 932 805 secus
965 760 1126 817 pedum
1160 762 1385 804 vinculum
1420 761 1587 816 duplex
1618 762 1697 808 est.
1731 771 1889 814 quam-

203 844 335 887 quam
379 846 468 876 uno
506 834 633 876 clavo
666 833 798 875 ambo
832 833 1115 888 perterebrati
1149 834 1264 875 sunt.
1298 832 1447 886 ltaque
1480 831 1647 886 duplex
1680 842 1887 873 manuum

201 904 428 946 vinculum
471 904 605 947 solvit
639 903 808 959 Joseph
853 906 895 946 et
936 904 1090 946 iterum
1133 902 1299 958 duplex
1341 901 1566 944 vinculum
1601 901 1779 956 pedum.
1813 900 1890 943 Bis

204 974 334 1029 igitur
356 974 522 1029 duplex
544 974 769 1017 vinculum
793 973 986 1017 solutum
1011 975 1089 1024 est,
1114 973 1194 1016 sed
1218 972 1355 1015 semel
1379 972 1685 1014 tantummodo
1703 971 1890 1014 Nonnus

203 1044 369 1099 duplex
414 1045 641 1087 vinculum
688 1045 801 1088 solvi
844 1045 1046 1094 narravit,
1089 1044 1269 1086 alterius
1310 1043 1505 1097 duplicis
1546 1042 1711 1085 vinculi
1755 1042 1888 1085 soluti

203 1116 426 1158 mentione
460 1127 548 1158 non
579 1115 707 1158 facta.

263 1185 506 1239 Hucusque
551 1185 682 1240 igitur
722 1184 955 1239 diJ'udicari
998 1184 1164 1237 nequit,
1209 1185 1351 1225 utrum
1395 1194 1553 1225 manus
1586 1181 1766 1225 Domini
1801 1195 1890 1225 uno

203 1256 331 1298 clavo
364 1267 418 1298 an
445 1255 623 1297 duobus
645 1255 879 1297 transfixae
903 1255 1003 1297 sint.
1038 1252 1126 1297 Sed
1150 1252 1245 1296 Par.
1268 1252 1376 1305 XlX,
1399 1253 1456 1296 93
1478 1265 1578 1307 sqq.
1603 1254 1892 1307 paraphrasta

203 1328 518 1369 commemorat
535 1324 697 1369 Christi
722 1336 880 1368 manus
903 1336 1003 1367 esse
1027 1326 1234 1367 extensas
1258 1325 1476 1378 utrinque.
1499 1323 1630 1378 Atqui
1650 1324 1890 1366 admodum

203 1397 395 1452 simplici
440 1399 481 1438 et
525 1396 716 1438 evidenti
760 1396 928 1438 ratione
971 1395 1216 1450 explicatur
1258 1406 1467 1437 manuum
1511 1394 1726 1445 extensio,
1765 1395 1801 1436 si
1835 1394 1890 1436 ab

204 1469 387 1521 utraque
421 1467 622 1521 corporis
655 1468 775 1521 parte
809 1477 967 1509 manus
995 1466 1037 1508 in
1062 1465 1263 1520 patibulo
1287 1465 1594 1508 extenduntur.
1628 1463 1700 1508 Sic
1724 1462 1892 1519 Sibylla

203 1539 344 1581 canit:
386 1544 676 1582 ἐκπετάσει
715 1550 907 1593 χεῖρας
946 1547 1037 1581 καὶ
1078 1544 1287 1589 κόσμον
1322 1543 1534 1581 ἅπαντα
1567 1542 1891 1592 μετρήσειι),

204 1610 245 1651 et
268 1609 542 1652 Lactantius:
575 1608 876 1659 „Extendit
908 1619 1012 1662 ergo
1037 1608 1080 1649 in
1104 1608 1318 1662 passione
1351 1618 1548 1650 manus
1581 1606 1892 1660 orbemque

203 1680 503 1722 dimensus
536 1675 714 1733 est”²).
748 1678 814 1720 Ex
846 1690 936 1733 quo
970 1678 1157 1721 efficitur
1188 1678 1367 1733 singulo
1396 1678 1523 1720 clavo
1548 1679 1776 1731 utramque
1800 1687 1893 1719 ma-

204 1762 308 1792 num
341 1749 593 1792 transfixam
628 1760 741 1792 esse.
775 1749 925 1803 ltaque
959 1749 1001 1791 in
1030 1750 1112 1791 hac
1135 1749 1354 1792 sententia
1376 1746 1580 1792 Christus
1603 1747 1805 1790 sublatus
1829 1749 1894 1790 est

205 1821 248 1862 in
291 1832 465 1863 crucem
509 1820 752 1863 immissam
797 1820 984 1875 ejusque
1028 1831 1185 1862 manus
1229 1821 1413 1874 utraque
1456 1818 1633 1875 singulo
1667 1818 1794 1861 clavo
1827 1820 1895 1860 est

204 1891 462 1934 transfossa.
486 1890 719 1945 Equidem,
743 1891 948 1945 quamvis
971 1891 1084 1933 hanc
1108 1891 1371 1933 sententiam
1397 1902 1484 1932 non
1510 1889 1772 1944 improbem,
1796 1900 1892 1931 earn

205 1964 352 2004 tamen
371 1973 459 2004 non
477 1973 656 2015 sequor.
676 1960 858 2003 Detorta
876 1962 992 2004 enim
1012 1963 1053 2004 et
1071 1962 1203 2004 nimis
1221 1961 1443 2015 exquisita
1460 1961 1566 2003 mihi
1591 1971 1691 2003 esse
1708 1959 1892 2002 videtur.

262 2031 421 2075 Verum
456 2043 619 2075 censeo
653 2032 772 2086 apud
806 2032 1013 2074 Nonnum
1048 2030 1211 2075 Christi
1236 2030 1416 2074 Domini
1441 2043 1598 2074 manus
1626 2030 1781 2073 ambas
1805 2041 1893 2072 uno

204 2103 510 2146 tantummodo
543 2103 671 2145 clavo
705 2103 823 2145 cruci
858 2114 957 2146 esse
991 2102 1160 2145 affixas.
1193 2102 1303 2145 Nam
1329 2103 1516 2157 primum
1540 2112 1696 2145 versus
1718 2100 1805 2143 200
1826 2111 1893 2154 sq.

204 2176 364 2228 sponte
398 2176 440 2216 et
471 2175 652 2229 optime,
686 2175 722 2216 si
757 2176 922 2216 textum
952 2175 1154 2229 respicis,
1177 2174 1232 2216 de
1256 2185 1345 2216 uno
1369 2185 1577 2216 manuum
1602 2172 1729 2216 clavo
1753 2171 1895 2226 expli-

204 2246 370 2287 cantur.
406 2244 576 2287 Etenim
609 2245 767 2287 verba:
800 2252 1079 2299 πεπηγμένον
1113 2251 1249 2300 ἄκρον
1283 2250 1469 2300 ἐρύσσας
1503 2252 1660 2297 δίζυγα
1686 2249 1895 2295 δεσμόν

205 2317 383 2370 cogunt,
432 2318 478 2358 ut
522 2316 748 2358 vinculum
795 2315 929 2357 fixum
979 2327 1199 2358 summurn
1243 2326 1346 2357 vere
1389 2314 1576 2364 clavum,
1619 2325 1706 2356 non
1749 2315 1894 2355 autem

206 2387 449 2429 membrum
494 2387 689 2428 vinctum
732 2386 801 2428 vel
835 2385 1010 2437 vulnus,
1044 2386 1207 2429 factum
1242 2397 1319 2440 per
1351 2385 1539 2435 clavum,
1574 2383 1711 2427 dicas.
1745 2383 1895 2437 ltaque

205 2457 371 2512 duplex
413 2457 639 2499 vinculum
683 2456 773 2499 duo
817 2457 929 2499 clavi
973 2459 1088 2508 sunt,
1132 2457 1330 2507 alterum,
1370 2467 1460 2510 quo
1494 2466 1664 2506 manus,
1698 2454 1894 2504 alterum,

206 2539 296 2581 quo
330 2529 468 2583 pedes
501 2528 696 2570 transfixi
730 2530 845 2570 sunt.
879 2527 1034 2582 Neque
1069 2528 1216 2570 obstat
1249 2538 1405 2569 manus
1438 2526 1525 2568 dici
1549 2537 1649 2568 esse
1675 2527 1894 2568 extensas.

207 2597 380 2641 Praeter
421 2601 653 2652 utramque
694 2599 810 2641 enim
855 2599 1014 2653 capitis
1058 2600 1225 2653 partem
1268 2598 1363 2640 sive
1407 2598 1579 2651 praeter
1620 2598 1820 2650 tempora
1852 2596 1895 2636 in

206 2668 339 2711 altum
383 2669 584 2711 sublatae
627 2671 730 2711 sunt
772 2671 814 2711 et
846 2680 981 2723 supra
1014 2667 1176 2712 Christi
1211 2670 1344 2722 caput
1376 2667 1638 2722 coniunctae
1672 2666 1895 2719 simulque

206 2739 491 2782 transfossae.
515 2738 602 2792 Sic,
625 2741 662 2782 si
695 2752 890 2795 χεῖρας
922 2740 1053 2782 brac
1069 2740 1197 2781 chia
1226 2750 1326 2780 esse
1351 2737 1595 2792 intellegas,
1620 2749 1719 2780 vere
1743 2739 1896 2779 exten-

207 2810 368 2851 duntur
384 2812 500 2853 totae
515 2823 524 2861 ;
542 2811 578 2853 si
604 2822 723 2853 man
738 2823 765 2853 u
780 2821 801 2852 s
825 2810 1060 2865 intelligas,
1079 2809 1207 2851 volae
1226 2809 1320 2851 sive
1340 2809 1512 2863 palmae
1529 2808 1835 2858 extenduntur,
1851 2810 1896 2850 ut

206 2880 346 2922 clavis
364 2881 539 2934 possint
557 2881 858 2936 perterebrari.
879 2878 1051 2931 Quodsi
1070 2891 1226 2922 versus
1243 2879 1299 2921 93
1316 2891 1432 2933 sqq„
1451 2879 1602 2921 relicta
1620 2877 1895 2921 Scheindleri

207 2951 440 2993 verborum
475 2952 844 3006 interpunctione,
879 2952 936 2993 ita
969 2951 1115 3005 legas:

262 3101 287 3146 ¹)
315 3101 407 3148 Syb.
434 3102 525 3146 Vlll,
550 3102 630 3138 302.
1103 3099 1134 3145 ²)
1162 3101 1264 3138 Lact.
1291 3100 1378 3138 Div.
1403 3101 1494 3138 lust.
1520 3101 1581 3145 lv,
1605 3101 1662 3145 26,
1688 3101 1745 3139 36.
