2180 3606
113 743 165 786 N.
188 743 258 785 87.

1129 194 1210 236 152

323 320 592 376 designatur,
627 322 725 364 luce
749 322 910 365 clarius
934 324 1052 377 patet
1074 324 1218 366 cetera
1242 324 1540 367 ministrorum
1565 325 1785 368 vocabula
1807 338 1832 368 a
1854 326 2018 369 Nonno

324 393 578 446 promiscue
621 393 837 435 adhiberi.
881 391 954 436 Sic
998 392 1092 436 Par.
1136 394 1198 445 111,
1245 395 1386 437 1—60
1423 394 1556 438 iidem
1591 396 1776 438 ministri
1811 397 2018 440 dicuntur

322 482 359 508 v.
395 474 460 509 15:
499 473 751 519 δρηστῆρες,
790 484 826 510 ν.
859 475 928 510 23:
967 474 1128 518 δμῶες,
1168 485 1203 511 v.
1238 475 1306 512 29:
1344 469 1685 521 ὑποδρηστῆρες,
1733 487 1769 513 ν.
1797 478 1874 514 ’333
1920 475 2016 512 διά-

321 553 488 588 κτοροι,
532 554 567 580 v.
593 544 660 580 46:
699 541 854 589 λάτρις
887 539 1058 588 ὅμιλος,
1106 535 1172 577 Sic
1216 534 1423 578 Malchus
1465 536 1626 578 dicitur
1667 541 1751 578 Par.
1785 540 1915 586 XVIII,
1947 544 2015 582 52:

324 611 489 659 λάτρις,
518 610 767 659 διάκτορος,
795 625 830 650 ν.
856 610 1106 654 54εόπάων,
1134 625 1169 652 ν.
1199 616 1287 652 126:
1326 613 1554 662 θεράπων.

381 744 583 795 Nonnus,
608 756 708 786 cum
731 745 788 787 sit
811 745 989 787 habitus
1007 745 1236 788 hominum
1256 748 1298 788 et
1314 745 1480 800 figurae
1500 745 1792 790 delineandae
1811 747 2017 801 cupidus,

325 815 379 857 de
414 815 566 870 ignoto
600 815 826 870 pontificis
858 827 1003 867 servo,
1037 814 1215 860 Christo
1248 816 1423 871 alapam
1458 817 1745 872 impingente,
1779 818 1886 860 dicit

371 896 454 933 Par.
480 895 612 941 XVIII,
640 897 729 933 108:
775 890 942 941 Ἰησοῦς
968 891 1201 943 δ’ὰγόρευε
1226 893 1535 943 τανύτριχα
1561 895 1761 944 λάτριν
1787 894 1994 943 ἐλέγχων.

325 967 449 1012 Sicut
485 969 557 1011 hic
589 968 780 1023 capillos
813 969 928 1011 servi
963 970 1212 1024 promissos
1245 982 1334 1012 uno
1367 970 1505 1012 verbo
1538 977 1760 1026 τανύθριξ
1792 971 2017 1021 describit,

325 1040 390 1082 ita>
415 1039 516 1082 aliis
547 1039 660 1082 locis
693 1039 749 1082 de
782 1037 1100 1091 Galilaeorum,
1133 1040 1300 1083 Mariae
1334 1040 1481 1083 Lazari
1511 1042 1691 1091 sororis,
1716 1042 1876 1096 capitis
1899 1042 2018 1084 cultu

325 1111 534 1165 loquitur,
568 1112 609 1153 et
641 1109 737 1153 Par.
770 1110 910 1161 XVIII,
943 1109 1000 1153 92
1032 1123 1100 1165 sq.
1139 1110 1291 1154 Annae
1325 1112 1507 1154 barbam
1541 1112 1820 1168 eandemque
1852 1112 2022 1155 Aeonis

325 1182 422 1225 Par.
454 1182 519 1234 Vl,
557 1182 640 1225 178
671 1193 739 1236 sq.
774 1182 1000 1225 describit.

387 1259 698 1310 Τανύθριξ
740 1254 766 1295 i.
801 1264 838 1295 e.
883 1253 958 1307 qui
993 1253 1184 1307 capillos
1227 1254 1477 1308 promissos
1520 1254 1668 1306 habet,
1710 1255 2020 1297 tantummodo

325 1323 422 1367 Par.
453 1322 595 1375 XVIII,
631 1323 713 1366 108
744 1324 949 1376 occurrit,
982 1323 1250 1366 vocabulum
1284 1332 1405 1380 θρίξ,
1439 1325 1561 1379 quod
1596 1337 1731 1367 unum
1765 1336 1845 1380 pro
1879 1325 2022 1380 capil-

326 1396 382 1439 lis
424 1395 467 1437 in
513 1394 747 1450 evangelio
785 1394 986 1450 Joanneo
1030 1395 1189 1450 legitur
1206 1392 1251 1450 ¹),
1294 1407 1536 1450 nunquam.
1581 1394 1770 1439 Galilaei
1814 1396 2024 1438 dicuntur

325 1473 753 1519 τανυπλόκαμοι
786 1474 831 1520 ²),
871 1471 1236 1522 ἀκερσίκομοι
1263 1475 1307 1521 ³),
1347 1472 1796 1521 ὀπισθόκομοιἾ.
1849 1466 2020 1509 Etenim

326 1538 543 1580 convivae
601 1537 852 1591 nuptiarum
911 1534 1060 1580 Canae
1113 1537 1432 1580 celebratarum
1484 1537 1580 1593 iure
1632 1536 1821 1581 Galilaei
1879 1537 2022 1580 fuisse

325 1610 534 1664 putantur

373 1690 457 1727 Par.
483 1690 523 1734 II,
548 1690 590 1727 6:
639 1685 832 1734 Χριστὸς
857 1684 1297 1732 ὀπισθοκόμων
1321 1687 1602 1736 μερόπων
1627 1686 1864 1736 θοινὴτορι
1890 1690 1985 1735 λαῷ

549 1761 589 1797 7:
638 1757 798 1804 κλητὸς
823 1753 899 1803 ἔην
924 1755 1187 1805 σύνδορπος.

376 1839 867 1886 Τανυπλόκαμος,
900 1831 956 1874 de
989 1830 1192 1887 Dionyso
1226 1844 1409 1887 quoque
1442 1829 1616 1887 dicta⁵)‚
1649 1844 1738 1875 vox
1769 1844 1864 1875 rara
1897 1834 1976 1875 est.

367 1908 798 1959 Ἀκερσικόμης
823 1908 1170 1958 (ἀκερσεκόμης),
1201 1903 1302 1946 solo
1335 1904 1610 1946 nominativo
1644 1905 1831 1947 exeunte
1865 1904 1908 1946 in
1941 1924 2023 1957 .ης,

325 1975 508 2029 stirpem
552 1974 596 2016 in
637 1994 680 2018 -0
720 1973 867 2024 habet,
910 1973 1031 2028 apud
1075 1973 1316 2017 Homerum
1351 1975 1490 2017 semel
1524 1975 1831 2017 tantummodo
1864 1974 2024 2030 legitur

325 2046 462 2100 idque
495 2045 550 2088 de
583 2043 792 2099 Apolline
810 2041 857 2099 ⁶),
891 2044 934 2086 in
967 2042 1254 2099 Dionysiacis
1286 2046 1469 2100 saepius
1503 2046 1707 2098 occurrit,
1737 2047 1784 2088 ut
1805 2045 1859 2088 de
1882 2044 2023 2100 Apol-

325 2117 414 2159 line
430 2113 479 2171 ⁷),
511 2116 568 2159 de
600 2114 804 2170 Dionyso

325 2197 675 2241 Dion.XLlV,147:
701 2196 776 2230 καὶ
801 2193 1061 2240 πλοκάμους
1073 2193 1312 2241 τμὴξωμεν
1330 2193 1707 2244 ἀκερσικόμου
1733 2193 2024 2233 Διονύσου.

381 2277 863 2325 οπισθόκομος”)
896 2270 1075 2325 proprie
1109 2271 1175 2313 est
1207 2270 1260 2322 is,
1293 2271 1369 2324 qui
1403 2282 1428 2313 a
1460 2273 1585 2326 tergo
1608 2270 1799 2326 capillos
1821 2270 1955 2313 habet
1977 2272 2023 2312 ut

373 2351 487 2388 Dion.
513 2351 605 2395 XIII,
630 2352 719 2388 419:
1384 2347 1432 2386 ἐκ
1458 2349 1510 2386 δὲ
1535 2348 1732 2397 καρήνου

631 2423 720 2459 4202
747 2416 961 2465 αὐχενὶου
985 2431 1035 2456 τε
1060 2419 1268 2466 τένοντος
1293 2418 1696 2465 ὀπισθοκόμων
1721 2417 1808 2456 ἐπὶ
1834 2419 2025 2457 νώτων

631 2494 720 2530 421:
747 2489 976 2537 ἰσοφανεῑς
1001 2493 1277 2536 πλοκαμῖδες
1302 2489 1691 2538 ἀκανθοφόροισιν
1717 2488 1881 2537 ἐχίνοις

631 2564 720 2600 422:
770 2557 925 2609 ἔρρεον
951 2559 1072 2607 ἰξύος
1099 2559 1203 2609 ἄχρι
1226 2560 1487 2608 κατῄλυδες.

327 2635 372 2677 In
405 2635 549 2690 capite
582 2635 715 2690 igitur
747 2634 912 2690 capilli,
945 2647 1034 2678 non
1068 2635 1112 2677 in
1145 2637 1268 2690 tergo
1301 2637 1451 2678 saetae
1484 2635 1672 2677 aluntur.

386 2706 539 2757 Maria,
572 2717 699 2749 soror
731 2706 896 2757 Lazari,
930 2706 1088 2749 dicitur
1118 2726 1144 2750 κ
1158 2727 1185 2749 α
1200 2716 1227 2750 λ
1240 2716 1267 2749 λ
1284 2727 1299 2749 ι
1312 2713 1332 2750 ἐ
1346 2716 1382 2749 θ
1395 2725 1416 2750 ε
1432 2727 1446 2749 ι
1460 2726 1486 2761 ρ
1501 2727 1528 2749 α
1546 2714 1575 2760 ⁹)
1609 2707 1651 2748 et
1676 2711 1701 2759 ἡ
1716 2711 1742 2749 ὐ
1756 2726 1782 2750 κ
1796 2726 1821 2750 ο
1835 2727 1869 2758 μ
1883 2726 1907 2750 ο
1922 2726 1943 2759 ς
1961 2713 2023 2759 ¹⁰).

380 2850 408 2896 ¹)
434 2851 494 2889 Cf.
515 2853 573 2899 Jo.
598 2851 661 2893 XI,
686 2853 725 2895 2;
751 2850 829 2896 XII,
854 2853 888 2889 3.
1224 2849 1255 2896 ⁶)
1282 2851 1340 2888 Cf.
1368 2852 1478 2888 Hom.
1506 2851 1545 2888 II.
1570 2849 1656 2889 XX,
1682 2852 1729 2888 39
1746 2849 1786 2895 †.

379 2908 408 2954 ³)
434 2911 517 2947 Par.
544 2912 569 2955 I,
597 2912 682 2954 1703
709 2911 770 2955 IV,
795 2912 876 2947 252.
1225 2909 1254 2954 ’)
1282 2910 1341 2947 Cf.
1367 2910 1481 2947 Dion.
1506 2909 1553 2954 X,
1579 2911 1659 2947 207.

380 2967 410 3014 ¹)
436 2970 519 3006 Par.
546 2971 586 3014 11,
611 2971 676 3014 57;
703 2970 780 3014 VII,
805 2971 862 3006 35.
1227 2968 1256 3014 ⁸)
1284 2969 1343 3007 Cf.
1370 2970 1481 3006 Hom.
1508 2970 1546 3006 II.
1576 2969 1615 3013 II,
1641 2970 1722 3006 542.

379 3026 409 3072 ⁴)
436 3028 518 3065 Par.
546 3029 586 3072 11,
610 3027 688 3072 6†.
1227 3027 1256 3073 ⁹)
1282 3028 1367 3065 Par.
1392 3027 1455 3072 XI,
1481 3030 1522 3072 4;
1548 3029 1581 3064 8.

379 3085 409 3131 ¹')
435 3087 495 3124 Cf.
522 3087 636 3125 Dion.
660 3087 743 3132 XV,
769 3089 849 3125 328.
1210 3087 1256 3133 ¹⁰)
1283 3088 1366 3125 Par.
1392 3087 1471 3132 XII,
1501 3089 1543 3124 13
1557 3086 1597 3132 †.
