2180 3606
82 2011 132 2051 N.

161 2011 230 2052 40.

1129 165 1184 207 78

307 294 452 335 tamen
497 293 606 335 haec
649 293 805 336 eadem
849 294 983 336 verba
1026 294 1261 349 designare
1305 307 1500 346 causam,
1535 297 1657 350 quod
1686 296 1854 351 Joseph
1888 298 2000 340 clam

307 361 494 405 Pilatum
528 364 687 406 adierit
718 362 880 407 Christi
915 375 1082 418 corpus
1109 365 1339 418 petiturus,
1364 367 1546 420 putaVIt.
1582 364 1735 419 Itaque
1757 367 1878 421 apud
1901 379 2000 410 eum

301 432 469 488 Joseph
503 434 706 476 occultus
739 433 920 487 quidem
955 432 1119 477 Christi
1154 435 1405 490 discipulus
1436 437 1516 479 fuit

329 525 412 562 Par.
439 526 538 569 XIX,
570 527 657 562 194:
708 522 1002 571 ἀπροΐδης
1022 525 1049 570 ¹)
1077 527 1292 572 Χριστοῖο
1318 526 1530 573 φιλήκοος
1550 528 1578 572 ²)
1601 524 1699 563 ἔσκε
1725 528 1931 574 μαθητὴς

565 598 653 634 195;
703 591 752 630 έκ
777 594 1000 641 στόματος
1026 595 1212 640 ζαθέοιο
1238 597 1381 643 σοφὸν
1395 599 1425 644 ”)
1451 597 1566 644 γάλα
1593 597 1752 634 πιστὸν
1777 596 1998 645 ἀμέλγων,

304 681 384 722 sed
417 682 547 723 etiarn
577 680 772 734 Judaeos
806 682 1008 723 metuens
1041 682 1154 723 clam
1189 680 1377 725 Piiatum
1413 684 1504 726 adit

350 772 422 809 Par
447 773 544 815 XIX,
574 773 662 808 192:
710 772 784 806 καὶ
812 770 1014 808 Πιλάτον
1038 771 1276 816 μετέπειτα
1302 775 1511 810 λαθὼν
1538 772 1734 810 ἱκέτευεν
1755 771 1927 821 Ἰωσήφ,

575 844 662 879 193;
714 840 937 889 τάρβος
972 838 1288 880 Ἰουδαίων
1324 844 1808 891 πεφυλαγμένος.

302 914 346 957 Id
371 917 411 957 et
429 915 626 969 Joannes
652 926 740 956 non
766 915 874 958 dicit
897 918 940 957 et
964 916 1143 959 Marcus
1168 917 1331 960 diserte
1357 921 1500 974 negat,
1525 919 1645 974 apud
1665 930 1798 973 quem
1817 919 1996 974 legItur:

301 992 607 1039 τολμήσας
643 993 856 1039 εἰσῆλθεν
889 994 997 1042 πρὸς
1030 995 1110 1032 τὸν
1148 999 1374 1033 Πειλᾶτον
1392 998 1435 1043 ⁴).
1478 989 1593 1044 Ergo
1637 990 1846 1043 deposito
1879 992 1996 1032 metu

300 1057 425 1099 fortis
466 1058 508 1098 et
552 1056 814 1099 manifestus
858 1055 1021 1100 Christi
1056 1058 1308 1113 discipulus
1341 1059 1482 1102 factus
1517 1062 1595 1102 est.
1629 1060 1818 1102 Nonnus
1850 1062 1996 1103 tamen

299 1127 411 1170 falsa
433 1127 647 1182 opInione
671 1128 832 1170 ductus
855 1129 1358 1184 identidemJosephum
1378 1130 1490 1173 clam
1509 1133 1711 1185 agentem
1732 1131 1915 1182 inducit,
1933 1143 1995 1174 sc.

346 1220 431 1256 Par.
457 1221 555 1264 XIX,
584 1222 672 1257 192:
721 1221 796 1255 καὶ
824 1219 1026 1257 Πιλάτον
1051 1220 1290 1265 μετέπειτα
1317 1225 1343 1257 λ
1356 1236 1383 1257 α
1393 1225 1429 1257 θ
1440 1222 1475 1257 ὼ
1488 1236 1512 1259 ν
1540 1221 1737 1259 ἱκέτευεν
1759 1218 1931 1268 Ἰωσήφ,

585 1293 651 1328 199
665 1304 673 1328 :
722 1292 797 1326 καὶ
822 1304 852 1326 π
866 1304 890 1326 ο
904 1293 934 1327 δ
948 1293 963 1326 ὶ
1001 1300 1029 1327 σ
1042 1305 1056 1327 ι
1070 1305 1095 1337 γ
1109 1305 1136 1327 α
1151 1295 1178 1328 λ
1193 1291 1212 1327 έ
1228 1306 1264 1339 ῳ
1282 1292 1311 1338 ⁶)
1338 1292 1633 1338 νεκυοστόλος
1656 1283 1799 1338 ἦλθεν
1822 1289 1994 1339 Ἰωσήφ,

580 1364 671 1399 224:
1189 1361 1216 1399 ἀ
1230 1377 1263 1408 μ
1278 1363 1305 1399 ά
1319 1377 1345 1411 ρ
1359 1376 1384 1399 τ
1400 1377 1426 1399 υ
1439 1377 1465 1412 ρ
1480 1377 1505 1399 ο
1520 1378 1543 1400 ν
1562 1364 1590 1409 ⁸)
1618 1361 1747 1411 ε”ργον
1775 1360 1993 1410 ὑφαίνων,

343 1433 413 1468 227
426 1445 435 1469 :
485 1432 559 1467 καὶ
584 1431 719 1468 πάλιν
745 1432 808 1478 εἰς
835 1432 980 1477 δόμον
1006 1424 1121 1479 ἦλθε
1148 1436 1175 1469 λ
1186 1447 1213 1469 α
1224 1437 1260 1469 θ·
1270 1434 1306 1469 ὼ
1317 1448 1341 1470 ν
1368 1432 1394 1469 ἀ
1404 1447 1430 1470 κ
1441 1435 1456 1469 ί
1466 1447 1494 1479 χ
1504 1447 1530 1479 η
1542 1447 1565 1469 τ
1576 1447 1600 1470 ο
1612 1447 1632 1480 ς
1651 1435 1679 1480 ⁷)
1702 1430 1874 1480 Ἰωσήφ.

356 1514 586 1558 Postremo
639 1517 1080 1560 animadvertendum
1130 1521 1196 1561 est
1242 1519 1451 1561 Nonnum
1501 1519 1695 1561 officium
1744 1519 1992 1574 sepeliendi

297 1584 459 1629 Christi
505 1587 589 1629 soli
620 1586 820 1642 Josepho
853 1589 1059 1640 tribuere,
1093 1602 1192 1632 cum
1229 1591 1503 1645 evangelista
1537 1591 1666 1632 dicit:
1701 1583 1994 1633 ἕθηκανὊ·

294 1656 496 1699 Attamen
539 1660 640 1700 ante
685 1660 875 1701 narravit
911 1660 1158 1714 Josephum
1203 1673 1301 1703 cum
1345 1661 1594 1703 Nicodemo
1628 1660 1791 1704 Christi
1828 1673 1993 1716 corpus

297 1728 443 1770 linteis
485 1730 528 1770 et
568 1730 842 1772 aromatibus
884 1731 1129 1773 involvisse
1147 1728 1193 1785 ⁹).
1237 1730 1421 1786 Propter
1464 1733 1549 1774 hoc
1584 1733 1762 1786 pietatis
1796 1731 1990 1774 officium

289 1798 458 1853 JOSeph
491 1802 675 1842 Vocatur
706 1808 974 1855 θεουδής
996 1810 1054 1854 ¹⁰),
1081 1810 1417 1859 ταλαεργιός
1438 1811 1497 1857 ¹'),
1521 1809 1991 1858 Baqzhpoqtogffl),

295 1872 337 1911 et
368 1881 467 1912 cum
498 1870 545 1912 fit
576 1882 776 1925 vespere,
810 1873 970 1914 dicitur
1002 1883 1244 1926 δείελος
1267 1883 1324 1927 ‘³).

354 2010 420 2054 De
453 2012 701 2055 Nicodemo
735 2013 923 2057 Nonnus
956 2016 1065 2057 haec
1099 2016 1251 2058 habet:

341 2105 424 2141 Par.
452 2106 508 2150 III,
538 2108 578 2142 l:
620 2095 699 2141 ἵΗν
725 2104 777 2141 δέ
803 2118 869 2151 τις
896 2104 1017 2153 ἱερὸν
1044 2099 1155 2151 αἷμα
1182 2107 1467 2144 νοοπλανέων
1497 2109 1769 2155 Φαρισαίων,

541 2180 585 2213 2;
636 2174 771 2224 ἀρχὸς
791 2173 1025 2213 Ἰουδαίων
1050 2177 1305 2223 πολυλήιος,
1334 2175 1522 2224 ε”ννομος
1548 2176 1672 2226 ἀνὴρ·

540 2249 584 2284 3:
634 2243 808 2291 οὔνομά
834 2245 877 2283 οἱ
905 2247 1173 2293 Νικόδημος·
1201 2246 1456 2296 ἀμάρτυρος
1482 2239 1614 2294 οὗτος
1641 2246 1792 2294 ὁδίτης

542 2321 586 2354 4:
636 2321 816 2365 Χριστῷ
842 2318 1001 2363 νυκτὸς
1025 2318 1149 2355 ἵκανε
1176 2319 1505 2366 φυλασσομένῳ
1531 2321 1637 2355 ποδὶ
1664 2321 1847 2364 βαίνων·

540 2391 584 2426 5;
634 2384 818 2433 ἔννυχος
844 2388 906 2434 εἰς
932 2389 1077 2433 δόμον
1103 2379 1258 2434 ἦλθεν,
1286 2387 1369 2436 ὅπῃ
1396 2389 1522 2435 φάος·
1550 2387 1683 2437 ἀνδρὶ
1710 2389 1762 2425 δὲ
1787 2394 1928 2436 πιστῷ

540 2461 584 2496 6:
632 2454 795 2504 Ἰησοῦς
822 2456 990 2495 ἐνέπων
1016 2461 1321 2506 βαπτίσματος
1347 2457 1509 2497 ε”νθεον
1537 2459 1692 2506 αἴγλην

348 2582 374 2627 Ι)
401 2584 460 2620 Cf.
487 2595 521 2619 n.
547 2585 604 2621 91.

345 2641 374 2687 ⁹)
401 2643 602 2679 Praeterea
617 2643 699 2679 Par.
713 2642 807 2687 XIII,
824 2644 900 2687 146,
916 2645 980 2680 ubi
996 2645 1044 2680 de
1059 2644 1184 2686 Petro,
1194 2643 1292 2687 XIV,
1306 2646 1423 2680 19ubi
1436 2646 1482 2681 de
1494 2645 1644 2680 Thoma
1656 2645 1822 2689 Didymo
1834 2646 1984 2681 dicitur.

345 2700 374 2746 ⁸)
402 2702 459 2738 Cf.
487 2714 522 2737 n.
547 2703 604 2737 92.
1098 2702 1126 2747 ⁶)
1150 2704 1206 2749 Jo.
1231 2702 1331 2747 XIX,
1357 2705 1413 2739 42.

345 2760 374 2804 ⁴)
401 2762 518 2797 Marc.
544 2760 625 2804 XV,
652 2762 708 2797 43.
1098 2761 1127 2806 8)
1156 2762 1213 2799 Cf.
1241 2763 1323 2798 Par.
1350 2761 1448 2806 XIX,
1475 2764 1545 2799 209
1571 2773 1666 2808 sqq..

345 2819 374 2864 ¹⁵)
401 2820 603 2856 Praeterea
630 2820 712 2856 Par.
740 2821 831 2864 VIII,
861 2822 937 2857 192.
1081 2819 1125 2865 ¹⁰)
1152 2821 1235 2857 Par.
1261 2821 1360 2865 XIX,
1390 2824 1466 2858 198.

345 2878 374 2923 ⁸)
401 2879 460 2915 CI.
487 2890 522 2915 n.
547 2880 603 2915 91.
1081 2879 1126 2924 ¹¹)
1154 2881 1235 2916 Par.
1265 2880 1364 2924 XIX,
1390 2883 1478 2924 220;
1506 2884 1703 2926 praeterea
1727 2880 1806 2925 XII,
1831 2882 1888 2917 64.

346 2937 374 2982 ⁷)
402 2938 460 2974 Cf.
486 2950 520 2974 n.
545 2939 601 2974 91.
1079 2938 1121 2982 ¹²)
1149 2939 1232 2975 Par.
1257 2939 1339 2980 XX,
1366 2942 1405 2983 73
1432 2943 1629 2985 praeterea
1648 2941 1691 2983 V,
1717 2941 1782 2982 34;
1809 2938 1907 2982 XVI,
1925 2940 1982 2976 72.

327 2996 372 3041 ¹⁸)
400 2997 482 3033 Par.
509 2996 609 3041 XIX,
634 2999 722 3039 202;
750 2998 799 3032 cf.
826 2998 942 3034 Marc.
968 2997 1051 3042 XV,
1077 3000 1141 3034 42:
1167 2998 1231 3031 καὶ
1250 2998 1318 3042 ἤδη
1342 2997 1454 3041 ὀψίας
1471 2997 1683 3043 γενομένης,
1701 2998 1780 3033 ἐπεὶ
1796 2994 1843 3043 ἦν
1860 3010 1980 3042 παρα-

294 3055 416 3099 σκευή,
444 3054 462 3090 ὅ
489 3053 587 3090 ἐστιν
613 3055 892 3100 προσάββατονς
919 3059 1117 3101 praeterea
1143 3057 1224 3093 Par.
1252 3056 1350 3100 XIX,
1381 3059 1456 3094 161.
