2180 3606
1005 218 1085 259 127

196 344 437 387 Dominum
481 345 565 388 alte
604 357 737 399 supra
769 347 924 387 terram
959 345 1181 388 sublatum
1216 358 1329 389 esse.
1363 346 1474 388 Nam
1508 344 1685 389 Christo
1718 347 1879 388 sitienti

194 416 260 457 vir
303 416 483 469 quidam
527 416 711 470 porrigit
751 417 987 471 spongiam
1022 428 1192 471 vagam,
1227 417 1429 459 arundini
1464 416 1714 470 praefixam,
1748 428 1879 470 quam

197 486 239 527 in
273 486 407 528 altum
442 487 625 540 porrigit

241 565 324 602 Par.
351 566 450 609 XlX,
479 567 568 603 153:
619 563 844 611 ἰθυπόρου
870 564 1076 609 καλάμου
1102 566 1219 613 παρὰ
1246 567 1424 602 νείατον
1451 564 1586 613 ἄκρον
1613 562 1795 612 ἐρείσας.

194 635 350 680 Scalae
384 640 543 688 tamen,
578 638 682 680 dum
709 638 877 692 Joseph
912 637 1074 681 Christi
1110 651 1274 694 corpus
1306 652 1331 682 a
1365 652 1493 682 cruce
1527 639 1725 694 deponit,
1758 650 1882 681 men-

194 708 357 750 tionem
392 721 480 750 non
514 709 617 750 facit
650 708 850 760 Nonnus,
886 710 969 752 nisi
1003 709 1113 751 forte
1147 725 1181 750 v.
1208 716 1294 750 202:
1320 711 1534 758 κατήγαγε
1561 710 1806 764 Josephum
1830 721 1882 752 ea

194 789 321 820 usum
357 790 456 821 esse
490 779 668 821 indicet.

253 847 319 890 De
352 849 481 891 sedili
516 850 673 899 crucis,
698 850 752 892 de
776 851 1084 905 suppedaneo,
1109 851 1163 892 de
1188 851 1283 902 ritu,
1308 862 1397 904 quo
1421 851 1614 893 damnati
1640 851 1683 892 in
1706 862 1880 893 crucem

193 918 417 970 tolluntur,
452 921 545 962 sive
580 921 622 961 in
657 932 831 963 crucem
863 922 950 976 jam
986 923 1173 963 erectam
1207 922 1467 971 ascendunt,
1502 923 1595 964 sive
1625 923 1668 963 in
1692 933 1880 972 crucem,

194 1000 308 1043 quae
352 991 471 1031 humi
513 990 641 1044 J‘acet,
685 993 937 1033 sternuntur
979 993 1111 1045 atque
1145 992 1451 1042 extenduntur,
1485 991 1672 1034 Nonnus
1705 993 1881 1046 penitus

193 1061 319 1102 tacet.
353 1060 645 1103 Verisimilius
678 1064 822 1104 tamen
856 1062 962 1103 mihi
997 1073 1096 1104 esse
1126 1062 1299 1103 videtur
1322 1062 1364 1103 in
1389 1061 1649 1116 Paraphrasi
1673 1062 1879 1105 Nonnum

194 1130 418 1172 insinuare
437 1129 659 1173 Christum
681 1132 723 1173 in
743 1143 916 1174 crucem
940 1132 1025 1186 Jam
1046 1133 1234 1173 erectam
1255 1142 1354 1173 esse
1373 1132 1610 1174 sublatum.
1630 1131 1747 1175 Dicit
1765 1134 1880 1175 enim

241 1210 323 1247 Par.
350 1212 447 1255 xlx,
473 1212 540 1248 92:
580 1210 641 1255 εἰς
667 1210 780 1258 δόρυ
807 1210 1135 1257 τετράπλευρον
1161 1208 1350 1257 ἐπήορον
1377 1207 1524 1253 ὑψόθι
1548 1213 1671 1257 γαίης

473 1284 540 1319 93;
579 1279 741 1329 ὄρθιον
767 1279 1076 1327 ὲξετάνυσσαν,
1111 1274 1165 1315 de
1199 1285 1328 1315 cruce
1360 1276 1515 1327 postea
1540 1276 1682 1317 erecta
1704 1275 1772 1317 vel
1797 1276 1882 1317 eri-

193 1342 337 1396 genda
363 1338 594 1386 ¹mentione
628 1353 716 1385 non
750 1344 876 1386 facta.

250 1467 444 1510 Maxime
487 1469 595 1510 mira
629 1469 672 1510 in
706 1467 968 1523 Paraphrasi
1004 1471 1069 1510 est
1101 1469 1245 1510 crucis
1278 1467 1656 1522 crucifigendique
1690 1471 1878 1512 narratio

192 1538 324 1590 atque
369 1537 626 1593 descriptiO.
668 1536 934 1581 Communis
976 1539 1091 1581 enim
1136 1539 1381 1592 antiquitus
1413 1540 1596 1592 accepta
1628 1540 1782 1593 opinio
1816 1543 1882 1582 est

193 1609 337 1650 crucis
368 1608 553 1651 formam
588 1609 725 1652 fuisse
758 1610 853 1652 sive
887 1610 1172 1651 commissam
1197 1609 1290 1651 sive
1316 1609 1574 1651 immissam.
1608 1607 1725 1659 Quin
1750 1611 1879 1653 etiam

192 1679 312 1733 apud
346 1679 514 1722 nullum
548 1682 772 1723 auctorem
806 1681 1093 1723 christianum
1128 1681 1358 1733 antiquum
1392 1680 1582 1733 simplex
1606 1680 1734 1734 palus
1758 1692 1880 1723 com-

192 1752 469 1793 memoratur.
503 1751 658 1805 Neque
692 1753 840 1793 extant
871 1752 975 1793 artis
998 1752 1296 1800 monumenta,
1320 1751 1363 1792 in
1387 1751 1553 1804 quibus
1575 1762 1681 1793 crux
1703 1751 1880 1806 depicta

192 1821 287 1863 sive
320 1821 464 1864 efficta
497 1824 576 1873 est,
610 1823 717 1876 quin
748 1822 995 1876 patibulum
1018 1821 1217 1864 additum
1242 1822 1311 1863 sit.
1345 1821 1552 1874 Excipias
1574 1823 1879 1865 tantummodo

191 1892 430 1946 ampullam
475 1894 713 1946 quandam,
758 1894 800 1935 in
845 1905 933 1947 qua
964 1891 1168 1936 Christus
1201 1891 1406 1946 depictus
1439 1894 1505 1934 est
1536 1893 1702 1935 omissa
1736 1905 1878 1945 cruce,

191 1963 270 2005 sed
304 1964 359 2005 ab
393 1966 580 2018 utroque
613 1965 709 2019 ejus
743 1965 875 2007 latere
909 1965 1101 2006 latrones
1134 1964 1190 2005 ad
1214 1963 1363 2017 palum
1386 1962 1502 2004 affixi
1527 1965 1629 2005 sunt
1645 1959 1688 2017 1).
1723 1963 1878 2018 Neque

192 2046 386 2087 unquam
405 2036 569 2077 mentio
588 2036 634 2077 fit
651 2036 839 2078 duorum
858 2037 1025 2078 tantum
1045 2035 1284 2084 clavorum,
1303 2033 1382 2076 sed
1402 2035 1590 2087 quatuor
1603 2034 1878 2088 plerumque,

190 2105 318 2146 trium
351 2105 604 2159 aliquoties.
637 2105 760 2148 Patet
791 2108 950 2156 tamen,
984 2106 1163 2148 duobus
1195 2106 1362 2147 tantum
1392 2104 1530 2146 clavis
1553 2104 1775 2156 admissis,
1799 2106 1878 2147 ad-

191 2176 448 2218 mittendum
495 2188 594 2219 esse
638 2189 819 2231 quoque
863 2177 1012 2231 palum
1057 2189 1145 2219 non
1189 2176 1473 2230 conjunctum
1518 2175 1731 2229 patibulo.
1765 2175 1877 2219 Hinc

191 2248 270 2298 est,
314 2247 435 2300 quod
479 2248 670 2290 incertus
714 2248 888 2299 haereo,
929 2249 1071 2290 utrum
1106 2247 1394 2302 paraphrasta
1426 2246 1730 2287 inconsuetam
1764 2247 1877 2290 hanc

190 2318 334 2360 crucis
370 2317 571 2369 formam,
605 2319 915 2361 inconsuetum
951 2320 1177 2373 praeterea
1209 2317 1387 2359 duobus
1421 2316 1557 2358 clavis
1591 2317 1875 2371 crucifigendi

190 2388 370 2430 modum
416 2389 640 2444 descripta
681 2389 870 2432 voluerit
911 2401 1065 2441 necne,
1099 2390 1135 2432 si
1169 2391 1333 2430 textum
1367 2387 1673 2429 tantummodo
1705 2390 1875 2442 specto,

190 2460 306 2501 haud
350 2459 527 2503 dubius.
572 2460 670 2502 Non
713 2463 857 2504 tamen
902 2461 1113 2516 neglegas
1145 2460 1366 2508 Nonnum,
1402 2459 1545 2500 crucis
1578 2458 1817 2513 suppliciO,
1850 2472 1875 2502 a

189 2528 481 2573 Constantino
525 2531 691 2586 Magno
734 2532 916 2582 abolito,
960 2543 1185 2585 nunquam
1228 2530 1425 2572 adfuisse
1464 2529 1656 2582 ideoque
1689 2529 1874 2573 fortasse

190 2601 368 2656 ingenio
401 2613 484 2644 suo
517 2603 773 2646 indulsisse.

247 2723 430 2768 Omisso
463 2738 646 2768 numero
663 2723 709 2780 ²),
744 2726 931 2769 Nonnus
965 2728 1108 2768 narrat
1141 2724 1301 2766 milites
1336 2722 1498 2766 Christi
1523 2726 1670 2766 vestes
1694 2725 1804 2767 inter
1825 2737 1873 2768 se

189 2797 373 2850 partitos
406 2808 505 2839 esse
539 2801 621 2837 Par.
647 2800 745 2843 X1X‚
777 2802 864 2837 115:
1197 2794 1401 2842 ὑψιφανῆ
1427 2796 1479 2832 δὲ

377 2873 465 2908 116:
511 2866 681 2916 Ἰησοῦν
707 2868 945 2906 ἀτίνακτον
972 2867 1298 2915 ὑποδρηστῆρες
1323 2865 1522 2915 ὀλέθρου

378 2944 465 2979 117:
514 2939 705 2978 ὲκταδὸν
731 2939 1016 2988 ὀρθώσαντες
1042 2938 1112 2975 ἐπὶ
1141 2943 1353 2986 σταυροῖο
1380 2939 1590 2981 δεθέντα,

242 3054 266 3098 ¹)
306 3054 365 3091 Cf.
400 3055 533 3099 Kraus,
565 3055 836 3101 Real-Encycl.
874 3055 941 3090 der
984 3053 1139 3090 Christl.
1179 3053 1422 3096 Altertiimer,
1460 3063 1491 3090 s.
1527 3063 1562 3090 v.
1601 3054 1871 3100 Kreuzigung;

186 3114 235 3150 ef.
261 3124 341 3150 s.v.
368 3114 504 3151 Kreuz.
1081 3110 1104 3155 ²)
1132 3111 1190 3148 Cf.
1213 3112 1269 3158 Jo.
1294 3110 1392 3155 XlX,
1419 3113 1482 3149 23:
1507 3110 1665 3156 τέσσαρα
1690 3112 1791 3158 μέρη.

1941 1475 1991 1517 Ν.
2019 1475 2088 1517 66.

1936 2726 1986 2768 Ν.
2014 2727 2082 2768 67.
