2180 3606
1156 180 1209 221 14

333 311 623 366 „discipulus,
657 311 733 365 qui
768 311 858 352 erat
891 311 1082 350 notus
1116 308 1343 362 pontifici''
1370 305 1401 363 ¹)
1434 309 1705 364 designatur,
1738 308 1818 351 sed

374 393 455 429 Par.
482 393 543 436 XI,
572 393 636 429 10:
661 390 867 435 γνωταὶ
894 383 938 423 ‹5'
958 385 1258 434 ἀδρανέοντος
1284 385 1498 434 ὁμόγνιον
1524 385 1583 433 ὡς
1608 386 1711 423 ἴδον
1738 385 1899 433 ἄμφω,·

567 463 635 498 67;
945 461 1136 503 γνωτοῑο
1161 457 1515 506 κατευναστὴρια
1541 457 1743 502 πότμου,·

567 533 634 568 79;
684 542 708 575 y
724 543 747 565 ν
763 541 836 563 ωτ
852 527 910 573 ὸς
937 528 1012 573 σὸς
1037 529 1306 576 παλίνορσος
1332 526 1564 576 ἐγείρεται,

330 606 548 647 indicatur
581 603 948 657 consanguinitas
982 603 1093 644 inter
1126 602 1334 645 Lazarum
1367 603 1541 646 fratrem
1576 605 1617 645 et
1640 613 1818 645 sorores
1840 602 2025 644 Mariam

329 678 461 730 atque
505 675 723 717 Martham
752 670 798 727 ²).
850 671 924 715 Sic
968 673 1011 714 in
1056 672 1344 728 Dionysiacis
1383 673 1662 729 Thyphoeus
1713 671 1942 716 Oceanum
1986 674 2028 715 et

329 744 565 788 Saturnum
607 749 805 798 γνωτούς
845 744 871 785 i.
905 755 942 785 e.
986 743 1141 786 fratres
1184 744 1382 798 appellat
1402 741 1449 797 ³).
1494 742 1608 787 Gaia
1650 744 1768 785 enim
1802 744 1954 798 genuit
1987 746 2029 786 et

329 816 625 870 Thyphoeum
670 816 712 856 et
754 812 984 857 Oceanum
1029 816 1071 856 et
1113 811 1363 857 Saturnum.
1407 813 1608 857 Prudens
1642 815 1773 869 igitur
1805 816 1847 856 et
1878 814 2028 856 sciens

330 889 476 941 poeta,
519 885 642 940 quod
675 885 732 928 ad
765 884 918 927 fratres
952 883 1133 927 Domini
1167 885 1333 935 attinet,
1367 896 1475 928 usus
1509 887 1576 927 est
1607 885 1831 927 vocabulo
1862 892 2029 939 γνωτὸς

330 958 461 999 latius
505 958 682 1012 patente
727 968 807 1010 pro
849 967 961 998 voce
1004 962 1215 1010 ἀδελφός,
1260 968 1376 1010 quae
1418 956 1654 1011 angustius
1696 956 1826 1006 valet,
1869 958 1914 998 ut
1959 956 2027 998 vel

330 1029 565 1071 verborum
610 1027 784 1070 delectu
830 1026 1101 1081 significaret
1142 1027 1311 1077 tratres,
1347 1027 1422 1080 qui
1457 1027 1676 1077 dicuntur,
1712 1025 1891 1068 Domini
1926 1037 2028 1068 vere

328 1098 485 1140 fratres
518 1110 606 1140 non
640 1109 753 1140 esse.
787 1095 1089 1147 Quamobrem
1124 1098 1259 1139 verba
1287 1109 1469 1151 quoque
1488 1097 1710 1152 Joannea:
1739 1102 1930 1151 ἐξῆλθεν
1947 1095 2030 1141 οὖν

330 1166 461 1222 οὗτος
487 1173 512 1212 ὁ
538 1175 668 1222 λόγος
692 1176 755 1222 εἰς
780 1175 885 1222 τοὺς
911 1174 1140 1222 ἀδελφούς
1161 1165 1193 1222 ⁴)
1227 1168 1292 1210 Sic
1326 1167 1650 1210 circumscribit

378 1248 462 1285 Par.
487 1249 587 1292 ΧΧΙ,
616 1250 704 1285 129:
1407 1247 1483 1282 καὶ
1508 1245 1638 1291 λόγος
1663 1235 1795 1291 οὗτος

626 1321 715 1356 13οε
763 1322 985 1364 γνωτῶν
1011 1315 1064 1363 ἐξ
1090 1315 1299 1365 ἑτάρων
1324 1317 1490 1364 κρυφὶῃ
1515 1314 1759 1363 κηρύσσετο
1786 1320 1926 1362 φωνῇ.

332 1390 421 1435 Sed
449 1392 558 1445 quid
588 1392 626 1433 ei
657 1392 699 1434 in
725 1404 861 1435 causa
889 1392 983 1443 fuit,
1013 1395 1059 1434 ut
1082 1404 1172 1434 uno
1191 1392 1292 1434 loco
1310 1391 1465 1433 fratres
1484 1389 1664 1433 Domini
1689 1396 2031 1444 ἀδελφειούς

330 1462 545 1505 vocaret?
577 1461 631 1504 At
664 1464 783 1517 patet
815 1463 977 1518 legenti
1012 1463 1247 1505 verborum
1282 1464 1551 1504 contextum.
1585 1461 1762 1516 Legitur
1794 1462 1911 1503 enim

379 1543 462 1580 Par.
489 1543 566 1587 Vll,
591 1546 660 1580 20:
710 1546 811 1577 τοῖα
836 1541 983 1587 μάτην
1009 1539 1226 1589 ἀγόρευον
1252 1539 1461 1586 ἀπειθὲες
1486 1532 1642 1587 οἵαπερ
1670 1538 1814 1576 ἄλλοι·

596 1615 664 1651 21:
713 1615 912 1660 Χριστοῦ
938 1611 1279 1657 παμμεδέοντος
1305 1609 1603 1657 ἀδελφειοὶ
1629 1623 1725 1658 περ
1752 1608 1936 1656 ἐόντες

594 1685 662 1721 22:
711 1682 883 1728 πίστιος
910 1680 1102 1728 ἀπλανὲς
1127 1673 1240 1728 ἦθος
1267 1679 1576 1730 ἀπηρνὴσαντο
1601 1683 1677 1717 καὶ
1703 1678 1847 1717 αὐτοὶ.

333 1757 616 1812 Quamquam
666 1758 799 1812 igitur
847 1757 1031 1812 Josephi
1084 1757 1161 1799 tilii
1209 1757 1345 1812 vulgo
1399 1757 1661 1799 dicebantur
1711 1756 1864 1799 fratres
1911 1754 2031 1810 Jesu‚

334 1831 479 1871 tamen
512 1828 644 1870 tidem
679 1828 717 1870 ei
752 1840 841 1870 non
876 1828 1115 1870 habebant.
1148 1827 1280 1882 Atqui
1315 1839 1427 1870 voce
1459 1834 1627 1882 γνωτός
1648 1826 1850 1869 adhibita
1869 1837 2032 1869 exsan-

334 1900 434 1955 guis
466 1899 609 1942 factus
641 1910 788 1942 sermo
822 1899 909 1954 jam
944 1910 1033 1940 non
1068 1899 1287 1940 contraria
1319 1898 1511 1952 opponit
1543 1897 1790 1940 contrariis.

392 1970 506 2012 Tum
540 1970 729 2012 Nonnus
761 1971 966 2024 segregat
998 1969 1153 2011 fratres
1185 1967 1366 2011 Domini
1401 1981 1424 2011 e
1458 1980 1642 2011 numero
1676 1968 1982 2023 apostolorum

381 2052 465 2089 Par.
490 2052 530 2096 11,
554 2052 624 2088 65:
675 2046 809 2094 αὐτὸς
834 2046 951 2093 ὁμοῦ
973 2050 1137 2095 γνωτοί
1162 2061 1210 2085 τε
1237 2047 1497 2094 συνηλυδες·
1524 2045 1755 2095 αὐτογόνῳ
1780 2047 1833 2084 δὲ

557 2123 626 2159 66:
674 2119 901 2168 παρθένος
927 2117 1163 2167 ὡμάρτησε
1187 2119 1406 2166 θεητόκος
1432 2117 1520 2155 υἱέι
1544 2117 1701 2167 μήτηρ·

557 2194 625 2230 67:
675 2183 766 2227 οἶσι
792 2190 1172 2238 δυωδεκάριθμος
1198 2188 1446 2236 ὁμόστολος
1473 2182 1593 2235 εἶχεν
1619 2186 1795 2226 ὁδεύων

558 2264 625 2300 68:
677 2259 905 2307 ἀγχιθέων
929 2262 1040 2305 μίαν
1065 2253 1199 2306 οἶμον
1225 2259 1457 2308 ὀπίστερος
1483 2258 1618 2305 ἐσμὸς
1645 2257 1850 2307 ἑταίρων.

336 2336 445 2378 Nam
488 2336 643 2378 fratres
684 2336 897 2378 discernit
942 2348 967 2378 a
1007 2335 1283 2378 duodenaria
1325 2336 1452 2378 turba
1494 2335 1733 2386 sociorum,
1777 2335 1803 2377 i.
1834 2346 1871 2376 e.
1913 2334 2033 2376 filios

331 2407 516 2461 Josephi
550 2408 606 2449 ab
639 2407 859 2461 apostolis
893 2405 1071 2451 Christi.
1105 2405 1194 2450 Sed
1226 2409 1426 2461 tempore
1459 2407 1710 2461 nuptiarum
1741 2404 1892 2449 Canae
1915 2406 2033 2448 cele-

337 2478 571 2529 bratarum,
614 2478 669 2520 de
708 2490 798 2532 quo
831 2479 975 2534 agitur
1007 2478 1107 2520 loco
1141 2478 1334 2529 laudato,
1369 2477 1591 2520 Dominus
1623 2477 1862 2519 duodecim
1895 2487 2034 2530 apos-

336 2549 454 2590 tolos
495 2549 693 2591 nondum
741 2550 944 2604 elegerat.
988 2546 1269 2602 Quamquam
1315 2549 1431 2591 enim
1476 2548 1756 2603 evangelium
1784 2547 2032 2602 Joanneum

337 2619 581 2662 solemnem
625 2620 862 2662 duodecim
904 2620 1227 2674 discipulorum
1261 2621 1543 2662 vocationem
1578 2631 1667 2661 non
1701 2619 2033 2668 commemorat,

337 2692 483 2731 tamen
525 2691 712 2732 eandem
759 2691 890 2733 ceteri
936 2691 1238 2745 evangelistae
1281 2691 1424 2733 serius
1461 2690 1622 2732 factam
1657 2701 1756 2732 esse
1790 2690 1965 2730 narrant
1985 2685 2032 2742 5).

336 2759 537 2802 Attamen
570 2760 700 2803 facile
725 2761 993 2816 intellegitur
1015 2761 1223 2803 Nonnum
1246 2761 1334 2816 jam
1358 2763 1448 2803 tum
1473 2760 1739 2815 discipulos,
1764 2770 1881 2813 quos
1903 2762 2035 2801 vocat

391 2886 418 2930 ¹)
440 2888 496 2934 Jo.
524 2888 652 2928 XVlll,
683 2888 735 2929 16,
765 2898 921 2933 graece:
947 2885 1118 2933 γνωστὸς.

391 2944 418 2988 ²)
446 2945 504 2982 Cf.
527 2946 584 2992 Jo.
611 2946 673 2989 X1,
699 2947 743 2989 33
773 2947 833 2990 19;
859 2948 917 2990 23,
942 2948 1009 2983 ubi
1036 2947 1205 2992 legitur:
1231 2945 1388 2990 ἀδελφή,
1413 2943 1587 2990 ἀδελφός.

391 3003 419 3047 ⁸)
447 3004 505 3042 Cf.
533 3005 647 3041 Dion.
675 3006 714 3049 11,
740 3006 835 3049 276;
862 3007 943 3043 338.
1278 3004 1307 3050 ⁴)
1333 3007 1391 3052 Jo.
1418 3006 1516 3049 XXI,
1542 3006 1600 3041 23.

390 3067 418 3113 ⁵)
447 3069 505 3106 Cf.
531 3070 669 3106 Mattn.
695 3070 756 3113 IX,
782 3071 923 3115 35—X,
949 3072 994 3114 4;
1021 3071 1141 3107 Marc.
1167 3070 1223 3114 ΙΙΙ,
1253 3071 1412 3114 17-19;
1440 3071 1529 3107 Luc.
1557 3070 1616 3114 Vl,
1646 3070 1794 3106 12—16.
