2912 4368
431 1093 599 1138 Studiis
622 1095 890 1137 academicis
914 1094 1044 1136 finem
1068 1094 1263 1136 facturus
1289 1096 1412 1149 grato
1435 1095 1583 1137 animo
1607 1095 1826 1145 recordor,
1846 1097 2057 1148 quantum

372 1177 478 1219 viris
508 1176 766 1219 clarissimis
795 1174 871 1219 Slx
899 1178 941 1217 et
967 1175 1095 1218 Beer<
1118 1176 1318 1225 debeam,
1343 1187 1531 1229 quorum
1556 1176 1822 1218 lectionibus
1847 1177 2059 1219 interesse

372 1259 476 1300 mihi
512 1259 696 1313 contigit
729 1260 770 1300 et
804 1257 969 1312 profuit
994 1257 1245 1311 plurimum.
1268 1257 1424 1310 Neque
1449 1269 1643 1311 unquam
1667 1258 1772 1309 fore,
1798 1260 1843 1300 ut
1865 1258 2060 1301 clarissi-

372 1351 541 1381 morum
589 1340 781 1381 virorum
826 1349 915 1381 νΑΝ
961 1339 1140 1390 MELLE,
1183 1338 1421 1389 VALETON‚
1465 1339 1685 1383 KARSTEN
1728 1341 1801 1394 pia
1850 1342 2060 1383 memoria

371 1433 613 1475 eorumque
656 1422 856 1463 doctrina
899 1433 1058 1476 magna
1100 1432 1274 1463 necnon
1307 1433 1480 1464 summa
1512 1434 1615 1476 erga
1648 1434 1715 1464 me
1748 1422 2060 1465 benevolentia

371 1515 424 1545 ex
466 1504 614 1546 animo
657 1503 846 1554 excidat,
890 1503 1147 1556 quicunque
1190 1503 1431 1545 eorundem
1465 1503 1712 1545 eruditione
1746 1516 1918 1546 mecum
1952 1515 2060 1546 usus

371 1586 450 1635 est,
484 1584 612 1627 facile
647 1585 883 1639 intelleget.

428 1665 481 1708 At
512 1669 571 1717 tu,
605 1667 671 1708 vir
698 1666 943 1709 clarissime
972 1666 1161 1717 KulpfiR,
1187 1668 1414 1721 promotor
1436 1668 1822 1718 aestumatissime,
1847 1668 2057 1722 singulari

371 1760 553 1803 prorsus
587 1749 722 1790 modo
756 1748 965 1802 discipuli
1000 1748 1195 1790 animum
1230 1749 1309 1790 tibi
1344 1749 1597 1791 devinxisti.
1630 1747 1732 1799 Quo
1766 1750 1882 1791 enim
1911 1749 2059 1791 studio

371 1833 413 1873 et
464 1843 613 1873 amore
670 1831 958 1873 humanitatis
1010 1832 1143 1885 atque
1196 1832 1433 1874 litterarum
1484 1843 1739 1886 graecarum
1790 1832 1886 1886 ipse
1933 1832 2062 1873 ardes

368 1924 634 1968 semperque
663 1914 823 1964 arsisti,
849 1913 1006 1956 eodem
1032 1912 1354 1968 discipulorum
1378 1914 1550 1956 animas
1573 1914 1809 1956 incendere
1833 1926 2059 1968 nunquam

368 1997 550 2039 desinis.
586 1995 686 2046 Quo
719 1996 882 2038 factum
918 1998 996 2047 est,
1031 1998 1077 2039 ut
1109 2008 1292 2051 graecas
1326 1996 1492 2039 litteras
1520 1996 1667 2039 latinis
1695 1997 1904 2050 equidem
1933 2008 2061 2051 prae-

368 2079 608 2134 posuerim.
662 2078 891 2121 Praeterea
944 2079 1127 2130 ordinis,
1181 2079 1309 2133 cuius
1361 2090 1474 2131 sum,
1523 2079 1669 2121 clerici
1719 2078 2059 2133 studiorumque

369 2162 535 2203 ratione
579 2161 741 2211 habita,
786 2162 831 2203 ut
874 2162 917 2202 in
961 2161 1122 2203 Nonno
1167 2162 1422 2211 christiano,
1462 2161 1680 2216 evangelii
1708 2161 1895 2216 Joannei
1933 2173 2061 2216 para-

373 2244 565 2297 phrasta‚
600 2243 868 2298 explicando
902 2244 1049 2286 studia
1083 2244 1358 2298 inauguralia
1391 2256 1615 2298 ponerem,
1650 2245 1755 2286 mihi
1787 2245 2060 2299 proposuisti

375 2328 416 2368 et
464 2326 506 2367 in
552 2337 604 2368 eo
648 2326 878 2368 tractando
923 2325 1127 2379 prudenti
1173 2325 1378 2376 consilio,
1422 2337 1596 2368 summa
1638 2326 1951 2369 benevolentia
1992 2339 2062 2369 me

369 2408 591 2463 adJuvisti.
626 2406 926 2457 Quamobrem
961 2410 1165 2463 pergrato
1198 2419 1375 2462 semper
1406 2409 1555 2451 animo
1589 2421 1657 2451 me
1690 2410 1751 2451 tui
1787 2420 1885 2452 esse
1915 2421 2062 2452 recor-

372 2490 573 2532 daturum
609 2490 830 2544 profiteor.

428 2571 542 2614 Viris
580 2572 840 2614 clarissimis
878 2571 1157 2614 Boisseva
1192 2574 1233 2614 et
1265 2571 1335 2614 De
1368 2572 1511 2623 Boea,
1546 2584 1734 2626 quorum
1770 2574 1938 2616 scholis
1972 2586 2060 2616 non

370 2653 556 2704 interfui,
592 2656 637 2696 ut
669 2654 859 2697 officiosi
894 2666 996 2709 erga
1029 2666 1097 2696 me
1131 2654 1307 2697 fuerunt
1336 2655 1405 2697 his
1433 2655 1606 2706 diebus,
1635 2656 1818 2709 gratiam
1848 2656 2059 2709 rependo.

427 2735 633 2790 Denique
676 2735 819 2779 facere
859 2748 947 2778 non
982 2747 1182 2791 possum,
1218 2737 1324 2790 quin
1360 2737 1575 2779 maximas
1608 2738 1770 2792 gratias
1803 2749 1930 2792 agam
1965 2739 2059 2780 viro

370 2818 504 2860 docto
538 2817 711 2860 EGELffi
745 2830 824 2873 pro
858 2830 1033 2861 summo
1067 2830 1165 2871 suo,
1200 2820 1320 2873 quod
1356 2820 1398 2861 in
1426 2820 1511 2861 hoc
1536 2820 1757 2874 opusculo
1781 2820 2061 2862 conficiendo

370 2901 475 2943 mihi
511 2901 964 2944 benevolentissimus
998 2902 1226 2956 praestitit,
1261 2902 1482 2955 obsequio
1517 2904 1558 2944 et
1590 2902 1795 2945 consilio.
