2180 3606
994 221 1076 265 165

235 351 402 395 Verba:
428 364 483 406 „p
497 364 520 394 e
535 365 553 394 r
564 363 592 406 p
606 363 629 394 e
643 353 658 394 t
670 364 697 394 u
711 351 721 393 i
735 353 785 393 ta
798 353 813 393 t
825 363 847 393 e
870 350 924 394 fa
939 363 980 393 m
993 363 1019 393 a
1031 350 1083 393 e’'
1102 348 1429 404 interpretanda
1441 350 1543 391 sunt
1556 347 1611 390 de
1622 346 1874 402 Pomponio

186 423 332 476 deque
365 422 578 473 Domitio,
611 422 639 464 d
655 433 737 463 um
770 424 943 477 agunt
976 422 1125 463 inter
1156 420 1339 471 vivos,
1373 430 1461 462 non
1493 420 1639 461 autem
1672 418 1728 461 de
1759 417 1875 460 tama

188 495 291 547 post
323 495 507 535 mortem
540 493 738 535 durante.

1003 583 1073 626 XII

247 712 619 758 Contendendum
644 715 722 764 est,
747 715 792 755 ut
815 713 1030 755 hodierna
1057 712 1234 766 linguae
1258 712 1434 754 Latinae
1458 710 1656 755 Romana
1679 721 1876 765 pronun-

186 785 311 827 tiatio
344 784 512 837 ubique
547 785 756 826 terrarum
791 783 1039 837 recipiatur.

992 922 1081 965 XIII

250 1055 393 1109 Hujus
425 1054 581 1097 aetatis
609 1054 857 1096 studiorum
881 1052 1248 1107 linguisticorum,
1271 1053 1318 1093 ut
1340 1062 1458 1093 novo
1480 1050 1701 1093 vocabulo
1724 1050 1878 1092 Latino

191 1127 300 1176 utar,
328 1125 437 1167 ratio
462 1124 686 1174 omnibus,
711 1124 785 1177 qui
811 1123 1048 1165 litterarum
1072 1123 1351 1175 antiquarum
1375 1121 1564 1164 studiosi
1588 1122 1704 1172 sunt,
1727 1131 1880 1175 perse-

191 1194 371 1249 quenda
404 1197 482 1237 est.

993 1285 1086 1328 XIV

252 1417 295 1459 In
314 1415 501 1459 Diodori
523 1416 635 1458 libro
653 1414 721 1466 XI,
741 1416 815 1458 ubi
835 1426 905 1458 res
924 1425 1108 1470 graecae
1126 1414 1256 1457 annis
1272 1413 1500 1456 480—451
1523 1425 1562 1456 a.
1581 1411 1684 1457 Chr.
1702 1425 1744 1456 n.
1757 1415 1879 1456 actae

192 1488 516 1538 describuntur,
542 1487 802 1529 observato:
830 1485 1102 1540 Temporum
1127 1485 1269 1527 ordini
1294 1484 1406 1527 fides
1428 1484 1663 1527 tribuenda
1685 1495 1773 1526 non
1802 1486 1882 1527 est.

997 1630 1073 1673 XV

252 1761 363 1804 Eion
399 1761 618 1815 oppidum
651 1772 769 1803 anno
801 1772 839 1802 a.
873 1757 976 1803 Chr.
1010 1772 1050 1801 n.
1083 1759 1241 1811 476s75
1273 1760 1329 1802 ab
1361 1758 1710 1802 Atheniensibus
1744 1771 1884 1814 expu-

194 1834 375 1887 gnatum
410 1833 489 1874 est.

993 1923 1084 1967 XVI

253 2053 501 2097 Pausanias
522 2065 639 2096 anno
652 2065 690 2096 a.
705 2051 807 2097 Chr.
823 2065 864 2096 n.
876 2053 1028 2104 472s71
1047 2064 1073 2095 a
1086 2053 1450 2096 Lacedaemoniis
1462 2053 1784 2097 condemnatus
1803 2055 1882 2097 est.

989 2199 1098 2242 XVII

253 2330 513 2373 Aristoteles
546 2330 601 2371 de
636 2341 725 2384 rep.
759 2328 858 2372 Ath.
891 2329 961 2380 25,
993 2329 1021 2371 3
1043 2341 1068 2371 a
1088 2328 1391 2372 Themistocle
1414 2328 1692 2384 Areopagum
1716 2329 1885 2371 honore

196 2404 239 2444 et
271 2402 488 2456 potestate
522 2400 762 2455 spoliatum
797 2399 935 2443 fuisse
969 2399 1128 2454 iniuria
1160 2400 1375 2454 perhibet.

983 2546 1109 2589 XVIII

257 2675 500 2731 Pompeius
522 2687 640 2718 anno
668 2687 706 2718 a.
741 2674 843 2719 Chr.
877 2687 918 2718 n.
951 2675 1008 2718 62
1036 2675 1259 2718 Brundisii
1284 2675 1523 2718 exercitum
1548 2674 1726 2726 dimisit,
1750 2686 1888 2729 prop-

197 2749 315 2789 terea
347 2746 470 2801 quod
506 2746 671 2791 Romae
705 2757 847 2788 rerum
882 2746 1011 2800 potiri
1046 2745 1199 2788 noluit.

997 2892 1091 2935 XIX

255 3019 506 3060 Ἀντῑδοσιν
547 3015 766 3059 interdum
800 3016 1158 3070 consequebatur
1189 3015 1371 3057 mutatio
1405 3014 1638 3064 bonorum,
1671 3013 1888 3055 sententia

201 3097 226 3128 a
258 3085 485 3140 judicibus
518 3098 606 3128 non
640 3087 935 3140 pronuntiata.
