2180 3606
133 339 184 380 N.

212 339 280 381 21.

1163 212 1217 254 52

403 341 634 396 Plerisque
668 342 779 384 locis
813 342 1004 384 laudatis
1036 343 1105 396 agi
1142 341 1195 384 de
1226 342 1394 396 Joanne
1428 354 1572 396 eoque
1606 342 1814 396 apostolo
1838 344 1879 385 et
1901 353 2039 384 evan-

344 412 502 468 gelista
524 413 708 454 dubium
734 425 821 454 non
846 414 924 454 est.
959 411 1130 454 Etenim
1165 413 1443 468 evangelium
1464 413 1710 468 Joanneum
1734 414 1947 467 scriptum
1971 414 2038 455 est

344 495 369 526 a
411 484 636 538 discipulo
680 483 770 534 illo,
814 494 946 536 quem
990 483 1205 538 diligebat
1242 484 1386 538 Jesus.
1429 484 1561 538 Atqui
1606 485 1676 525 hic
1720 485 1811 526 erat
1841 483 2038 538 Joannes

344 554 592 608 apostolus.
636 553 857 607 Discipuli
903 555 1063 603 autem,
1110 565 1242 607 quem
1288 554 1501 609 diligebat
1539 554 1682 609 Jesus,
1716 555 1882 596 mentio
1914 553 1960 595 fit
1993 554 2036 595 in

345 623 605 679 Paraphrasi

391 706 489 748 ΧΙΧ,
510 706 597 741 137;
648 702 839 750 Χριστὸς
865 702 963 739 ἴδεν
989 702 1219 739 θεόπαιδα
1244 705 1332 744 καί,
1359 702 1417 739 ὃν
1443 704 1707 749 φιλέεσκε
1739 701 2013 748 μαθητήν.

420 776 502 819 ΧΧ,
530 777 594 812 14:
1024 770 1161 821 ἑτέρῳ
1188 786 1235 809 τε
1262 774 1572 810 συνενόίάοντι
1602 776 1839 819 μαθητῇ,

535 848 599 883 15:
648 846 911 891 κοίρανος
944 843 1003 880 ὃν
1038 844 1310 890 φιλέεσκε.

415 918 598 961 ΧΧΙ,36;
648 917 912 963 κοίρανος
938 914 996 952 ὃν
1023 915 1295 961 φιλέεσκε,
1325 916 1602 963 συνέμπορος
1628 907 1721 951 εἶπε
1748 913 2014 960 μαθητής.

510 990 598 1024 121:
648 988 907 1033 κοίρανος
937 985 997 1022 ὃν
1024 986 1337 1032 φιλέεσκεν,
1363 985 1599 1034 ὀπίστερον
1626 978 1718 1022 εἶδε
1746 985 2014 1032 μαθητήν.

344 1061 503 1104 lisdem
556 1062 701 1103 autem
751 1061 862 1103 locis
905 1062 1179 1116 evangelista
1227 1062 1355 1103 dicit:
1403 1069 1516 1106 ἰδὼν
1546 1069 1626 1114 τὴν
1657 1067 1828 1116 μητέρα
1859 1071 1934 1105 καὶ
1959 1068 2039 1104 τὸν

344 1141 553 1187 μαθητήν
577 1133 840 1189 παρεστῶτα
866 1139 917 1177 ὃν
938 1139 1107 1187 ήγάπα;
1139 1132 1324 1175 deinde:
1357 1143 1431 1177 καὶ
1449 1141 1556 1189 πρὸς
1575 1141 1653 1177 τὸν
1672 1139 1811 1176 ἄλλον
1829 1138 2040 1185 μαθητὴν

344 1212 396 1249 ὃν
431 1210 576 1258 ἐφίλει
611 1209 635 1248 ὁ
665 1208 854 1258 Ἰησοῦς,·
891 1206 1008 1246 tum:
1042 1212 1159 1258 λέγει
1186 1203 1267 1248 οὖν
1294 1209 1317 1248 ὁ
1343 1212 1548 1258 μαθητὴς
1576 1209 1742 1257 ἐκεῖνος
1767 1210 1820 1247 ὃν
1844 1208 1987 1256 ἠγάπα
2014 1206 2039 1245 ὁ

347 1287 529 1329 Ιησοῦς;
547 1276 796 1329 ρΟὸῘΓΕΠΊΟΣ
815 1282 964 1328 βλέπει
979 1283 1058 1318 τὸν
1076 1283 1285 1328 μαθητὴν
1300 1282 1351 1319 ὃν
1369 1281 1512 1328 ἠγάπα
1534 1279 1733 1328 ὁἸησοῦς
1749 1283 1790 1328 “).
1809 1272 2039 1316 Praeterea

346 1348 389 1388 in
406 1346 638 1401 evangeliO
657 1347 786 1387 etiam
807 1346 987 1400 legitur:
1006 1346 1068 1399 εἷς
1087 1351 1134 1389 έκ
1151 1358 1241 1390 τῶν
1260 1356 1522 1399 μαθητῶν...
1541 1352 1593 1389 ὃν
1611 1352 1755 1399 ἠγάπα
1773 1349 1797 1388 ὁ
1811 1349 1977 1398 Ἰησοῦς
1993 1351 2038 1398 ²).

346 1418 390 1460 ld
423 1417 612 1459 Nonnus
645 1417 850 1470 exprimit
883 1417 952 1458 his
985 1417 1134 1458 verbis

391 1498 475 1534 Par.
501 1498 594 1541 XIH,
623 1498 711 1534 107:
762 1494 976 1540 στήθεσιν
1013 1493 1276 1542 ἀχραντοισι
1301 1496 1447 1532 πεσὼν
1481 1493 1858 1541 πεφιλήμένος
1891 1492 2037 1541 ἁνήρ,

346 1572 387 1613 et
434 1571 550 1612 idem
599 1581 757 1612 voces:
807 1577 1187 1625 φιλοστόργου
1225 1581 1489 1623 βασιλῆος
1531 1569 1727 1612 indicare
1770 1568 1975 1611 videntur
1991 1565 2038 1623 ³).

346 1639 577 1694 Quidquid
611 1642 691 1691 est,
725 1640 988 1694 discipulus,
1024 1641 1098 1694 qui
1134 1639 1357 1683 Christum
1392 1641 1446 1682 de
1481 1640 1706 1694 proditore
1740 1640 2038 1694 interrogavit,

347 1712 400 1754 de
434 1711 592 1753 eodem
625 1709 780 1753 Petrus
814 1711 1098 1765 interrogavit
1130 1710 1372 1753 Dominum
1407 1713 1494 1753 tam
1529 1712 1572 1752 in
1607 1710 1869 1765 Paraphrasi
1904 1722 2038 1764 quam

347 1783 389 1824 in
423 1781 670 1836 evangelio.

404 1851 491 1896 Sed
525 1852 642 1894 idem
676 1852 928 1906 discipulus
960 1853 1139 1907 scripsit
1172 1853 1466 1908 evangelium.
1500 1853 1611 1895 Nam
1646 1854 1748 1907 post
1781 1853 2039 1907 pericopen,

346 1936 434 1978 qua
456 1924 512 1966 de
536 1925 673 1965 morte
697 1923 907 1977 discipuli
932 1924 1061 1966 unice
1085 1936 1109 1966 a
1132 1922 1310 1966 Christo
1335 1923 1483 1966 dilecti
1508 1924 1663 1978 agitur,
1687 1923 1808 1978 apud
1823 1923 2038 1977 Joannem

347 1996 504 2050 legitur
525 1995 738 2049 scriptum
754 2008 763 2036 t
796 1993 928 2048 οὗτος
946 2000 1069 2039 ἐστιν
1087 2000 1111 2038 ὁ
1129 2003 1335 2048 μαθητὴς
1353 2001 1378 2039 ὀ
1395 2007 1638 2051 μαρτυρῶν
1656 2005 1755 2050 περὶ
1774 2001 1948 2039 τούτων
1965 2004 2040 2038 καὶ

345 2071 370 2109 ὁ
401 2073 574 2121 γράψας
611 2077 753 2109 ταῦτα
775 2074 819 2119 ⁴),
863 2065 985 2118 quod
1029 2066 1405 2108 circumscribitur
1451 2078 1476 2108 a
1520 2066 1681 2108 Nonno
1725 2066 1794 2107 his
1832 2065 2039 2107 versibus

391 2152 474 2188 Par.
501 2152 599 2195 ΧΧΙ,
627 2153 715 2188 135:
1237 2140 1368 2195 οὗτος
1394 2149 1546 2197 ὀπωπῇ

631 2223 719 2259 136:
769 2219 971 2268 ἀθρήσας
996 2218 1242 2266 ὁμόφοιτος
1268 2219 1491 2266 ἀλήμονος
1518 2219 1642 2266 ε’κτὺς
1668 2218 1831 2265 ἀκουῆς

631 2295 719 2329 137;
770 2287 911 2338 ἔργων
936 2292 1190 2327 θεσπεσίων
1217 2289 1516 2339 έπεμιέρτυρός
1542 2290 1636 2327 έστι
1662 2289 1881 2336 μαθητής.

630 2365 718 2400 138:
768 2365 842 2398 καὶ
867 2361 1008 2398 νοέων
1033 2362 1143 2398 τάδε
1169 2365 1314 2399 πάντα
1340 2360 1589 2410 κατέγραφε
1615 2362 1802 2398 θέσπιδι
1829 2363 1985 2408 βίβλῳ.

348 2442 479 2493 Idem,
512 2443 588 2496 qui
622 2444 747 2485 testis
781 2432 1078 2497 et'spectator
1110 2444 1389 2498 evangelium
1423 2443 1616 2497 scripsit,
1651 2443 1873 2485 inducitur

419 2536 501 2572 Par.
530 2537 553 2580 1,
579 2537 646 2573 42:
1216 2537 1287 2570 καὶ
1315 2534 1443 2580 κλέος
1470 2532 1610 2570 αὐτοῦ

578 2608 646 2642 43;
695 2603 879 2649 εἴδομεν
906 2602 1225 2651 ἀνδρομέοισιν
1253 2602 1300 2640 έν
1326 2603 1537 2649 ὄμμασιν,
1572 2608 1746 2639 necnon

348 2688 431 2724 Par.
454 2688 534 2732 XX,
555 2690 643 2724 138:
693 2686 864 2735 μάρτυς
890 2684 1102 2732 ἀληθείης
1128 2686 1265 2734 τάπερ
1292 2685 1468 2734 ἄγραφα
1494 2685 1679 2723 θέσπιδι
1706 2688 1861 2733 βίβλῳ,

554 2759 642 2794 139;
692 2755 740 2802 ὃς
766 2756 875 2793 τάδε
901 2756 1047 2793 πάντα
1072 2756 1250 2804 χάραξε,
1280 2755 1499 2801 θελήμονι
1527 2756 1714 2792 κάλλιπε
1740 2762 1851 2804 σιγῇ.

349 2829 468 2871 Haec
512 2831 790 2884 evangelium
837 2833 980 2873 narrat
1022 2831 1090 2873 his
1132 2831 1303 2873 verbis:
1347 2842 1420 2875 καὶ
1456 2837 1751 2884 ἐθεασάμεθα
1786 2840 1866 2886 τὴν
1901 2840 2041 2886 δόξαν

349 2904 515 2951 αὐτοῦ;
547 2902 611 2942 et:
646 2906 672 2943 ἃ
699 2906 780 2944 οὐκ
798 2905 919 2945 ε”στιν
936 2908 1218 2956 γεγραμμένα
1238 2907 1285 2945 έν
1304 2915 1364 2956 τῷ
1384 2911 1544 2956 βιβλίῳ
1564 2908 1709 2957 τούτῳ
1728 2910 1771 2957 ⁵).
1799 2902 2039 2945 POSteriori

402 3048 429 3093 ι)
452 3051 511 3094 Jo.
536 3049 636 3092 m,
661 3051 729 3094 26;
757 3050 839 3095 XX,
865 3053 910 3095 2;
936 3051 1035 3095 xxi,
1065 3053 1109 3095 7;
1135 3053 1192 3087 20.
1591 3051 1621 3096 2)
1644 3053 1703 3099 Jo.
1728 3052 1824 3097 X111,
1849 3054 1906 3090 23.

400 3106 429 3152 3)
456 3108 539 3144 Par.
566 3108 658 3153 xm,
688 3111 764 3145 104.
1005 3109 1035 3154 ⁴)
1058 3111 1115 3157 Jo.
1141 3109 1241 3154 xxi,
1267 3112 1323 3146 24.
1593 3109 1622 3155 ⁵)
1645 3112 1702 3158 Jo.
1730 3112 1753 3155 1,
1782 3113 1847 3155 14;
1874 3111 1958 3156 XX,
1983 3113 2043 3150 30.
