2180 3606
971 225 1027 268 29

156 346 256 392 οὖν
281 346 341 400 ἦν
367 359 455 400 τῆς
481 352 646 399 ἄλλης
672 355 867 398 στολῆς
894 349 1079 388 αὐτοῦ·
1107 356 1268 388 τοῦτον
1287 351 1338 387 δὲ
1355 350 1496 396 μόνον
1515 348 1584 386 ἐπὶ
1599 355 1679 386 τοῦ
1695 350 1840 395 σώμα-

155 438 230 471 τος
256 422 496 461 ἐνεδέδυτο
523 422 744 468 ἅςωστον”
767 423 809 468 ¹).
842 413 929 457 Sed
963 415 1072 457 haec
1105 414 1322 456 sententia
1340 413 1629 468 probabiliter
1661 412 1838 454 defendi

157 499 244 529 non
279 489 438 540 potest,
472 497 559 528 non
599 486 740 540 magis
778 496 910 538 quam
950 486 1103 538 quarta
1141 486 1182 527 et
1219 484 1385 538 quinta.
1425 483 1534 525 Nam
1573 483 1838 525 vocabulum

154 564 356 611 γυμνός
378 569 552 612 semper
570 556 812 611 significat:
839 555 1024 606 „nulla
1056 557 1216 597 veste
1251 553 1540 605 indutus”;
1572 553 1668 595 sola
1695 555 1839 595 autem

155 629 428 682 perpetuitas
469 627 701 670 verborum
745 626 916 668 efficere
961 628 1120 681 potest,
1160 627 1205 668 ut
1237 637 1323 667 vox
1354 631 1519 679 γυμνός
1551 623 1841 666 concludatur

156 698 199 740 in
233 698 623 753 significationem:
660 699 804 748 „certa
837 696 1028 751 quadam
1062 698 1184 739 veste
1217 708 1305 738 non
1334 694 1542 737 indutus’'
1567 693 1661 736 vel:
1697 694 1841 744 „certa

155 769 346 822 quadam
381 780 425 811 re
459 780 545 810 non
580 766 851 823 praeditus''.
879 766 1145 822 Argumenta
1169 767 1298 817 enim,
1324 777 1452 820 quae,
1477 767 1523 807 ut
1545 765 1629 807 hoc
1653 764 1839 814 evincat,

153 838 276 881 affert
308 838 467 881 doctus
499 836 749 881 Sturtevant
770 835 817 892 ²),
855 837 978 880 firma
1010 849 1108 880 esse
1134 839 1253 891 put0.
1289 833 1376 879 Sed
1401 837 1509 879 haec
1533 835 1712 878 minime
1737 846 1840 890 pro-

154 908 320 959 hibent,
355 909 595 962 quominus
624 909 758 950 homo
782 908 1062 963 subligaculo
1086 909 1251 950 tantum
1277 907 1449 948 cinctus
1472 906 1642 948 dicatur
1662 913 1841 960 γυμνός.

153 977 285 1029 Quod
319 980 529 1033 probatur
560 981 692 1032 atque
732 979 1013 1021 confirmatur
1045 979 1129 1020 hoc
1163 976 1534 1032 Dionysiacorum
1569 977 1692 1019 loco:

153 1060 265 1097 Dion.
292 1060 478 1104 XXXVII,
504 1060 596 1096 556:
623 1056 793 1102 ζώματι
820 1057 872 1093 δὲ
898 1055 1170 1102 σκεπόωντες
1195 1054 1399 1102 ἀθηήτου
1425 1054 1561 1101 φύσιν
1588 1055 1756 1101 αἰδοῦς,

504 1131 596 1167 557:
622 1141 772 1174 γυμν
787 1129 842 1164 οὶ
869 1125 1167 1174 ἀεθλεύοντες
1191 1124 1442 1173 ἐφέστασαν
1464 1127 1507 1173 ³).

212 1202 256 1244 ln
289 1202 486 1246 secunda
515 1201 708 1256 denique
732 1203 949 1245 sententia
973 1204 1039 1245 est
1062 1201 1363 1257 paraphrasta,
1387 1199 1506 1255 apud
1531 1212 1662 1254 quem
1687 1199 1840 1242 Petrus

154 1274 342 1327 primum
386 1273 667 1328 subligaculo
714 1274 880 1315 tantum
919 1273 1105 1323 cinctus,
1139 1272 1300 1314 deinde
1334 1272 1526 1314 tunicam
1561 1270 1715 1321 induit,
1749 1273 1839 1313 tum

154 1344 338 1386 eandem
372 1344 592 1399 succingit
624 1355 773 1398 panno
807 1344 1001 1398 quodam
1036 1343 1290 1386 convoluto.
1325 1339 1489 1392 Quater
1520 1341 1707 1383 Nonnus
1740 1341 1839 1383 loco

154 1415 332 1457 laudato
365 1415 420 1457 de
452 1415 716 1457 vestimento
750 1415 956 1469 loquitur,
990 1425 1052 1457 sc.
1616 1409 1620 1413 ’

199 1506 234 1532 v.
260 1496 328 1532 38:
378 1492 587 1538 εἵματι
613 1491 844 1541 μυδαλέῳ,

199 1577 234 1603 ν.
260 1567 327 1603 39:
376 1563 589 1612 λινέῳ...
615 1563 956 1613 πολυτρήτῳ...
986 1564 1198 1611 πέπλῳ,

198 1648 234 1674 ν.
259 1639 326 1674 4οε
376 1635 559 1672 πόντιον
585 1634 959 1682 ἀμφίβλημα,

200 1718 235 1746 ν.
260 1710 301 1744 41
320 1720 328 1745 :
379 1706 442 1743 δέ
457 1720 482 1755 ρ
496 1720 529 1752 μ
544 1720 585 1743 α.

153 1772 329 1818 Certum
376 1777 442 1817 eS‘t
483 1783 629 1831 δέρμα
671 1775 786 1817 idem
840 1786 938 1817 eSSC
986 1785 1036 1816 ἃς
1077 1781 1260 1819 πόντιον
1287 1778 1569 1827 ἀμφίβλημα.
1617 1770 1680 1812 ΕΟ
1723 1771 1838 1813 enlm

152 1845 373 1888 vocabulo
407 1845 537 1888 simul
572 1858 671 1888 cum
706 1846 871 1897 verbis,
905 1857 1019 1899 quae
1050 1857 1090 1887 v.
1122 1845 1173 1886 41
1202 1855 1270 1898 sq.
1294 1845 1552 1897 sequuntur,
1577 1841 1841 1884 describitur

154 1918 194 1959 et
225 1917 469 1971 explicatur
499 1925 684 1962 πόντιον
710 1923 991 1971 ἀμφίβλημα.
1024 1913 1112 1958 Sed
1146 1916 1230 1958 hoc
1263 1915 1571 1958 vestimentum
1606 1915 1647 1956 et
1679 1921 1841 1965 πέπλος

153 1987 263 2029 inter
309 1998 357 2029 se
405 1987 581 2030 diversa
628 1989 742 2039 sunt,
788 1999 887 2030 cum
930 1993 1198 2041 ἀμφίβλημα
1236 1986 1292 2028 sit
1325 1985 1506 2035 corium,
1539 1990 1703 2037 πέπλος
1733 1994 1838 2025 vero

151 2067 368 2111 λίνεος,
417 2058 443 2100 i.
476 2069 513 2100 e.
562 2058 698 2100 vestis
744 2058 873 2100 linea.
922 2056 1151 2100 Praeterea
1198 2055 1526 2110 subligaculum
1565 2066 1653 2097 non
1692 2053 1838 2104 video,

152 2128 381 2182 quomodo
427 2128 513 2171 dici
550 2129 693 2183 possit
724 2135 1015 2184 πολύτρητον.
1043 2128 1170 2181 Εἷμα
1203 2138 1383 2181 quoque
1418 2126 1533 2168 idem
1568 2137 1657 2167 non
1691 2126 1757 2166 est
1788 2135 1839 2166 ac

151 2206 334 2244 πόντιον
360 2206 641 2254 άμφίβλημα.
674 2199 783 2242 Illud
815 2200 929 2242 enim
955 2199 1131 2242 lumbos
1155 2197 1352 2251 undique
1376 2196 1693 2250 circumcingit,
1717 2195 1839 2249 quod

152 2270 207 2312 de
240 2270 324 2312 hoc
359 2269 445 2312 dici
480 2271 646 2324 nequit.
680 2269 834 2312 Petrus
867 2270 998 2325 igitur
1031 2270 1201 2324 praeter
1232 2269 1336 2321 εἷμα
1357 2275 1588 2320 μυδαλέον
1611 2268 1652 2308 et
1673 2274 1840 2311 πέπλον

151 2349 302 2385 λίνεον
346 2341 587 2392 „marinum
632 2341 907 2384 involucrum
947 2341 1064 2383 circa
1096 2342 1220 2382 nates
1254 2338 1452 2389 involvit,
1486 2337 1667 2387 corium,
1702 2336 1838 2390 quod,

152 2412 426 2466 geminorum
476 2411 719 2455 demissum
765 2412 820 2455 ad
869 2411 1070 2454 fissuram
1112 2411 1341 2461 femorum,
1385 2410 1630 2464 piscatores
1667 2408 1840 2462 gestant

153 2482 325 2524 celandi
360 2485 659 2537 tegumentum
695 2481 921 2537 pudoris.’'
955 2481 1006 2525 Et
1038 2483 1123 2524 hoc
1156 2479 1437 2535 subligaculo
1470 2478 1625 2521 Petrus
1659 2478 1838 2520 indutus

151 2552 238 2607 iam
272 2555 376 2605 erat,
409 2564 507 2595 cum
542 2565 581 2596 v.
614 2553 670 2596 33
702 2565 770 2607 sq.
804 2555 893 2596 rete
925 2553 981 2595 ad
1015 2553 1118 2595 litus
1151 2552 1362 2595 trahebat.
1395 2549 1504 2593 Nam

199 2627 283 2664 Par.
309 2628 407 2673 XXI,
432 2629 500 2665 23:
550 2626 720 2673 γυμνὸν
746 2627 827 2674 γὰρ
853 2626 994 2672 δέμας
1020 2618 1138 2672 εἶχεν
1163 2623 1206 2671 ές
1232 2622 1341 2671 ᾐόνα
1368 2625 1553 2660 δίκτυον
1579 2619 1733 2662 ἕλκων,

154 2687 367 2741 particula
398 2696 480 2744 γάρ
512 2691 684 2743 spectat
716 2689 770 2731 ad

384 2764 452 2800 38:
503 2760 652 2807 εἵματι
678 2761 894 2810 μυδαλέῳ
920 2761 1110 2808 λαγόνας
1135 2760 1390 2809 μιτρώσατο
1417 2760 1571 2805 Σίμων

386 2829 454 2865 39:
503 2828 577 2863 καὶ
603 2825 737 2874 λινέῳ
762 2825 1013 2864 πεπύκαστο
1040 2825 1301 2874 πολυτρήτῳ
1327 2824 1439 2874 χρόα
1465 2824 1630 2871 πέπλῳ,

206 2927 233 2972 ¹)
259 2929 312 2964 M.
338 2928 378 2965 Ρ.
404 2927 450 2965 G.
477 2928 645 2973 CXXIX,
674 2930 774 2966 1493.

205 2985 231 3030 ²)
257 2987 339 3024 The
366 2988 569 3025 American
592 2989 622 3035 J.
650 2988 691 3025 of
717 2987 813 3024 Phil.
832 2988 916 3025 Vol.
934 2989 991 3033 33,
1009 2989 1042 3033 3,
1061 2999 1096 3025 n.
1119 2989 1195 3032 131,
1213 2988 1312 3032 1912,
1338 2997 1373 3033 p.
1387 2988 1474 3025 324:
1490 2987 1530 3023 E.
1545 2987 1588 3023 Η.
1604 2984 1837 3026 sturtevant,

157 3043 300 3090 Γυμνός
332 3047 407 3083 and
433 3047 580 3084 Nudus.

204 3103 233 3150 ⁸)
261 3105 319 3142 Cf.
346 3105 485 3152 Rigler,
510 3106 758 3143 Meletemata
782 3107 998 3151 Nonniana,
1027 3107 1076 3144 ad
1103 3107 1215 3143 Dion.
1247 3106 1450 3150 XXXVlll,
1479 3108 1555 3143 120.
