2180 3606
158 2370 209 2412 N.
237 2370 307 2412 48.

1189 173 1246 216 98

369 301 431 343 ilii
464 301 603 345 fuisse
637 303 691 344 de
725 302 891 356 templo
917 301 1321 356 Hierosolymitano
1346 302 1546 356 nihilque
1571 301 1675 343 certi
1700 311 1800 342 eum
1825 299 2064 354 scripsisse

369 372 450 415 sed
482 375 711 415 auctorum
747 373 926 414 incertis
959 372 1339 426 descriptionibus
1372 384 1501 415 usum
1536 382 1650 414 esse.

427 441 494 486 De
528 444 595 494 iis,
630 444 705 497 qui
740 442 954 496 templum
989 443 1199 494 invisunt,
1233 443 1421 486 Nonnus
1454 444 1563 485 haec
1596 441 1798 496 scripsit:

526 531 607 567 Par.
636 530 763 573 XVIII,
789 530 856 565 99:
907 518 980 574 ᾗχι
1007 528 1323 575 πολυσπερέων
1349 526 1578 572 αὐλίζεται
1604 523 1743 563 ἔθνεα
1769 528 1906 562 λαῶν.

367 609 463 652 Vox
504 610 650 651 autem
693 612 874 660 ἔθνος
916 608 958 649 in
998 606 1261 662 Paraphrasi
1296 620 1473 663 semper
1504 608 1559 650 de
1593 607 1765 662 populo
1793 605 2063 661 Judaeorum

367 680 526 722 dicitur
544 676 589 732 ¹).
623 677 766 720 Verba
799 678 1061 732 conjuncta:
1095 683 1280 722 ἔθνεα
1317 689 1475 723 λαῶν
1507 679 1578 720 hic
1611 680 1779 720 tantum
1813 677 2064 723 occurrunt,

367 750 441 792 ubi
470 748 590 803 apud
620 748 834 803 Joannem
860 749 1040 803 legitur:
1073 754 1188 793 ὅπου
1212 756 1374 803 πάντες
1399 756 1443 794 οὶ
1464 754 1678 794 Ἰουδαῖοι
1705 755 1999 802 συνέρχονται
2020 753 2066 798 ²).

366 819 667 871 Quamobrem
711 820 901 861 maxime
944 819 1184 862 verisimile
1228 824 1295 862 est
1337 820 1437 862 Ioco
1472 831 1653 874 quoque
1692 817 1872 861 laudato
1901 816 2066 872 Judae-

366 903 490 933 orum
528 892 704 945 gentem
747 890 986 945 designari,
1027 902 1115 932 non
1153 893 1299 932 autem
1338 902 1540 946 paganos
1575 891 1669 933 sive
1718 884 1981 940 ethnicos³)‚
2021 889 2067 928 ut

366 978 377 1013 1
405 976 491 1014 Cor.
526 977 604 1021 XII,
638 978 682 1012 2:
725 973 889 1011 Οἴδατε
921 972 991 1011 ὅτι
1018 972 1094 1011 ὅτε
1128 971 1276 1021 ἔθνη
1309 966 1386 1021 ἦτε
1411 975 1520 1023 πρὸς
1545 975 1601 1011 τὰ
1627 973 1797 1011 εἴδωλα
1823 973 1878 1009 τὰ
1906 970 2067 1018 ἄφωνα

366 1042 424 1091 ὡς
458 1043 513 1082 ἂν
547 1043 709 1091 ἤγεσθε
741 1043 1029 1091 ἀπαγόμενοι,
1058 1048 1166 1086 Rom.
1193 1049 1274 1091 XV,
1302 1050 1367 1085 10:
1406 1043 1709 1093 εὐφράνθητε,
1750 1041 1912 1089 ἔθνη,
1952 1042 2066 1087 μετὰ

364 1120 446 1152 τοῦ
471 1119 588 1152 λαοῦ
613 1114 767 1152 αὐτοῦ.
801 1106 934 1158 Quod
967 1109 1121 1150 attinet
1148 1109 1204 1150 ad
1229 1109 1363 1151 verba
1385 1109 1648 1164 conJ‘uncta:
1682 1113 1871 1153 ἔθνεα
1909 1117 2068 1151 λαῶν

365 1179 806 1221 animadvertendum
826 1182 892 1222 est
909 1191 1020 1221 voce
1053 1191 1080 1224 ³.
1096 1201 1123 1223 α
1138 1187 1162 1223 ό
1176 1201 1196 1233 ς
1222 1181 1489 1234 saepissime
1509 1179 1747 1234 significari
1775 1180 1817 1229 „t
1835 1190 1861 1220 u
1881 1190 1899 1219 r
1916 1177 1943 1219 b
1963 1189 1988 1219 a
2007 1188 2062 1226 m,

366 1249 703 1301 homines’',
747 1252 792 1292 ut
829 1249 925 1292 Par.
961 1250 1005 1301 II,
1038 1250 1118 1302 963
1152 1250 1220 1301 XI,
1247 1251 1317 1301 98,
1351 1251 1517 1304 quibus
1551 1250 1664 1293 Iocis
1696 1248 1817 1304 apud
1847 1248 2062 1303 Joannem

365 1321 509 1376 agitur
542 1320 596 1362 de
625 1318 866 1375 Judaeis⁴).
899 1319 1150 1363 Occurrunt
1181 1322 1317 1364 verba
1350 1322 1590 1377 conjuncta
1622 1320 1743 1375 apud
1767 1319 2032 1362 Homerum:

602 1403 661 1451 ὡς
687 1404 757 1442 ἴδε
792 1409 952 1443 λαῶν
985 1403 1169 1452 ἔθνος
1203 1404 1501 1452 ἐπισπόμενον
1527 1403 1593 1442 ἑοὶ
1620 1403 1743 1453 αὐτῷ
1765 1405 1809 1452 ⁵).

366 1485 609 1536 Praeterea,
643 1487 749 1540 quia
782 1499 892 1529 voce
924 1494 1274 1543 πολυσπερής
1306 1487 1580 1542 significatur
1613 1485 1849 1528 multitudo
1878 1484 2062 1527 multum

366 1557 571 1611 dispersa
586 1553 633 1610 ⁶),
667 1558 935 1611 exquisitius
969 1559 1075 1600 mihi
1104 1558 1278 1600 videtur
1300 1557 1462 1600 Nonno
1485 1558 1714 1612 imponere
1739 1557 1782 1598 id
1807 1556 2061 1605 consilium,

367 1629 413 1670 ut
444 1639 574 1670 versu
609 1627 788 1670 laudato
817 1628 1087 1683 judaeorum
1121 1636 1466 1684 διασπορὰν
1499 1629 1745 1683 exprimere
1779 1627 1980 1669 voluerit.

426 1697 632 1753 Denique
667 1699 722 1741 de
755 1700 944 1742 vocibus
984 1706 1261 1756 τανύθριξ
1294 1702 1335 1741 et
1368 1705 1665 1754 ἀεσίφρων,
1700 1710 1815 1753 quae
1861 1698 2067 1753 leguntur

366 1791 449 1828 Par.
475 1790 604 1834 XVIII,
636 1792 723 1828 108:
770 1786 935 1835 Ἰησοῦς
962 1786 1197 1838 δ’ἀγόρευε
1231 1803 1256 1825 τ
1271 1803 1299 1825 α
1312 1804 1337 1827 ν
1350 1788 1377 1825 ὑ
1392 1803 1416 1826 t
1431 1803 1456 1837 ρ
1472 1803 1486 1825 ι
1500 1803 1528 1835 χ
1543 1803 1570 1825 α
1605 1793 1632 1825 λ
1646 1789 1674 1825 ά
1690 1802 1715 1825 τ
1729 1802 1754 1837 ρ
1771 1802 1785 1824 ι
1800 1802 1825 1825 ν
1856 1785 2065 1834 ἐλέγχων·

634 1863 722 1898 109:
773 1859 813 1896 εἰ
838 1860 1014 1908 θρασὺς
1039 1858 1245 1906 ὡμίλησα
1270 1865 1414 1906 κακῶς
1439 1858 1466 1896 ἀ
1481 1873 1502 1897 ε
1517 1862 1572 1897 σι’
1587 1873 1619 1907 φ
1634 1873 1659 1908 ρ
1675 1873 1699 1896 ο
1714 1873 1739 1896 ν
1755 1873 1770 1895 ι
1805 1862 1841 1894 θ
1855 1857 1881 1895 ὑ
1896 1872 1930 1903 μ
1943 1871 1992 1906 ῳ,

368 1945 411 1987 ἰη
434 1945 687 2000 appendice
709 1958 852 2002 agam.
881 1947 993 1989 Nam
1017 1948 1133 1990 sicut
1154 1947 1357 1997 Nonnus,
1381 1947 1560 1990 habitus
1584 1947 1812 1989 hominum
1838 1948 1879 1988 et
1901 1945 2067 2000 figurae

367 2015 661 2059 delineandae
708 2018 916 2072 cupidus,
959 2019 1030 2060 hic
1075 2018 1264 2073 capillos
1298 2019 1548 2072 promissos
1581 2018 1697 2060 servi
1731 2016 1956 2071 pontificis
1990 2015 2069 2058 de-

368 2087 521 2129 scribit
564 2099 674 2130 voce
716 2095 1034 2145 τανύθριξ,
1068 2090 1133 2132 sic
1167 2090 1267 2132 aliis
1301 2101 1483 2144 quoque
1518 2089 1630 2131 Iocis
1664 2089 1718 2131 de
1753 2089 1913 2143 capitis
1946 2087 2066 2129 cultu

369 2154 620 2212 quuitur7).
656 2158 722 2201 De
755 2171 866 2202 voce
899 2161 1045 2202 autem
1079 2166 1364 2215 ἀεσίφρων
1397 2160 1554 2202 eodem
1589 2171 1787 2210 numero,
1812 2170 1902 2213 quo
1926 2159 2070 2213 agitur

368 2229 423 2270 de
456 2229 680 2271 vocabulo
712 2237 1028 2286 παρήορος,
1063 2230 1208 2273 dicam
1227 2228 1274 2284 8).

430 2370 504 2421 Ea,
548 2382 663 2425 quae
707 2383 854 2413 coram
899 2369 1073 2426 Caipha
1113 2375 1210 2414 acta
1253 2375 1370 2423 sunt,
1409 2384 1434 2415 a
1462 2372 1631 2427 Joanne
1666 2373 1894 2414 narrantur
1926 2370 2066 2420 XVIII,

369 2442 558 2494 24—27‚
605 2454 630 2484 a
678 2442 840 2485 Nonno
888 2444 1310 2486 circumscribuntur
1352 2443 1446 2486 Par.
1490 2443 1629 2494 XVIII,
1677 2442 1919 2485 112—129.
1963 2438 2066 2492 Sed,

371 2513 539 2555 omissa
584 2514 820 2568 negatione
864 2513 992 2565 Petri,
1037 2514 1091 2556 de
1125 2526 1213 2568 qua
1246 2515 1355 2557 satis
1389 2514 1554 2556 dictum
1590 2516 1656 2557 est
1672 2510 1718 2568 ⁹),
1754 2513 1808 2556 de
1842 2512 2068 2567 prioribus

371 2586 538 2626 tantum
571 2585 778 2627 versibus
811 2585 1121 2628 disserendum
1156 2597 1256 2628 esse
1290 2586 1394 2627 mihi
1430 2586 1573 2627 visum
1609 2588 1687 2628 est.
1722 2584 1899 2639 Legitur
1920 2586 2066 2626 autem

371 2655 492 2708 apud
526 2652 889 2698 Scheindlerum:

426 2835 453 2880 ¹)
481 2836 538 2873 Cf.
567 2837 651 2873 Par.
678 2838 738 2880 XI,
770 2839 857 2881 1973
888 2839 975 2880 198;
1002 2839 1093 2881 205;
1119 2838 1212 2881 211,
1237 2838 1327 2880 212;
1356 2838 1485 2880 XVIII,
1510 2838 1578 2880 68;
1613 2838 1688 2873 165.

426 2894 453 2939 ⁹)
476 2897 533 2942 Jo.
561 2896 690 2939 XVIII,
717 2898 774 2932 20.
1272 2894 1383 2940 ⁶)Cf.
1410 2908 1445 2932 n.
1472 2898 1528 2932 44.

425 2952 454 2998 ⁸)
482 2954 541 2991 Cf.
569 2956 683 2991 Hebr.
709 2955 798 2992 0³1]-
1276 2955 1303 2999 τ)
1332 2955 1389 2992 Cf.
1417 2967 1452 2991 n.
1478 2956 1534 2991 87.

425 3012 454 3057 ⁴)
483 3013 540 3050 Cf.
563 3015 621 3060 Jo.
646 3014 685 3057 11,
710 3016 778 3057 20;
807 3015 867 3057 XI,
894 3016 950 3050 31.
1271 3012 1301 3058 ⁸)
1329 3014 1387 3050 Cf.
1415 3026 1450 3050 n.
1476 3015 1532 3050 93.

426 3070 455 3116 ⁶)
482 3073 592 3109 Hom.
619 3073 657 3109 11.
685 3073 777 3117 XIII,
804 3074 885 3109 495.
1274 3071 1303 3117 ⁹)
1331 3073 1390 3109 Cf.
1416 3084 1451 3109 n.
1483 3075 1536 3109 18.
