2180 3606
1137 247 1194 289 70

315 377 415 430 ipso
454 377 716 418 narrationis
749 377 958 417 contextu
993 378 1111 429 patet
1144 376 1241 430 eius
1275 377 1405 430 culpa
1440 375 1663 420 Christum
1699 377 1899 430 periisse.
1933 374 2005 419 Sic

315 447 411 501 ipse
443 445 665 489 Dominus
699 445 885 488 Pilatum
919 445 1160 499 alloquitur

359 532 443 570 Par.
470 533 568 576 XIX,
593 534 661 569 52:
687 527 735 575 ὅς
760 541 817 574 με
839 529 992 575 λαβὼν
1017 529 1290 577 παρέδωκεν,
1318 529 1558 578 ἁμαρτάδα
1584 531 1769 575 μείζονα
1794 530 1945 567 πέσσει
1964 531 2007 577 “).

313 609 401 654 Sed
445 611 605 653 dicitur
645 621 670 651 a
714 610 1001 663 paraphrasta
1054 618 1238 664 σοφὸς
1279 618 1703 664 δικασπόλοςῆ
1754 612 2006 666 rumpitque

312 693 468 724 vocem
501 687 839 735 ὲχέφροναῆ,
875 682 1109 734 propterea
1142 681 1264 734 quod
1299 680 1487 723 consilio
1522 683 1563 723 et
1591 682 1758 723 ratione
1782 679 2005 724 Christum

312 753 563 806 interrogat,
596 751 904 804 quaestionem
940 751 1140 803 instituit,
1168 752 1410 806 respondet
1433 753 1501 803 iis,
1526 752 1600 805 qui
1626 750 1850 795 Christum
1873 763 2007 794 accu-

311 824 422 865 sant.
465 819 581 864 Sane
614 821 951 864 admirationem
985 824 1134 864 movet
1166 823 1250 865 hoc
1284 824 1551 865 vocabulum
1586 829 1872 879 ἐχέφρων,
1906 834 2004 865 cum

311 892 552 935 Dominum
595 893 765 934 crimini
809 894 926 935 haud
970 893 1214 935 obnoxium
1259 905 1358 936 esse
1402 893 1568 936 Pilatus
1612 896 1761 948 aperte
1800 894 2006 944 declaret,

312 976 412 1006 eum
435 963 661 1018 supplicio
685 963 860 1006 afficere
884 966 1026 1018 neget,
1051 976 1202 1006 verum
1222 965 1448 1007 enimvero
1463 963 1703 1007 Dominum
1724 965 2005 1007 innocentem

306 1034 488 1089 Judaeis
520 1034 746 1089 supplicio
781 1034 1065 1088 plectendum
1089 1034 1243 1077 tradat.
1272 1034 1491 1086 Ceterum,
1514 1035 1643 1077 facile
1668 1034 1836 1077 Pilatus
1858 1035 2007 1077 animo

312 1107 629 1156 commovetur,
674 1117 764 1159 quo
802 1105 861 1155 fit,
897 1108 941 1148 ut
974 1106 1030 1148 SIt
1061 1127 1086 1149 τ
1101 1128 1128 1150 α
1142 1127 1170 1159 χ
1185 1112 1210 1149 ύ
1224 1128 1257 1158 μ
1271 1128 1296 1159 η
1310 1127 1335 1149 τ
1352 1127 1365 1149 ι
1381 1127 1400 1159 ς
1417 1115 1462 1160 ⁴),
1502 1127 1525 1149 τ
1542 1127 1569 1149 α
1583 1128 1611 1159 χ
1626 1127 1652 1149 υ
1667 1126 1687 1149 ε
1701 1127 1726 1160 ρ
1741 1127 1765 1159 γ
1780 1114 1804 1149 ό
1818 1127 1838 1159 ς
1856 1114 1900 1160 ⁶).
1933 1103 2006 1148 SIC

310 1176 569 1219 festinanter
595 1175 791 1230 Judaeos
825 1177 1063 1231 interrogat

311 1263 394 1299 Par.
413 1263 543 1306 XVIII,
573 1265 663 1300 143:
689 1267 820 1298 ποῖον
847 1258 949 1307 ἔπος
975 1261 1233 1308 φθέγγεσθε
1259 1261 1505 1309 κατήγορον
1533 1261 1657 1309 ἀνέρι
1684 1260 1855 1308 τούτους

573 1336 660 1371 144:
687 1334 754 1378 τίς
778 1332 998 1380 πρόφασις
1023 1332 1272 1377 θανάτοιο,·
1300 1335 1340 1368 τί
1367 1335 1548 1379 τηλίκον
1575 1331 1725 1378 ἤλιτεν
1752 1331 1891 1380 ἀνὴρ;

573 1407 660 1442 145;
688 1408 818 1440 ποῖον
845 1400 946 1450 ἔπος
969 1403 1225 1449 φθέγγεσθε
1242 1402 1488 1451 κατήγορον
1506 1405 1535 1450 ⁶)
1555 1402 1719 1452 ἀνδρὸς
1737 1402 1937 1451 ὀλέθρου
1955 1404 2007 1449 ”“),·

311 1487 488 1538 Quibus
520 1489 668 1531 verbis
696 1491 851 1542 quater
874 1489 990 1531 idem
1015 1489 1266 1543 interrogat,
1291 1490 1362 1531 bis
1385 1489 1543 1531 iisdem
1567 1489 1656 1531 fere
1680 1489 1842 1531 verbis.
1876 1487 2008 1531 Prae-

311 1562 429 1602 terea
462 1560 724 1602 sententiam
758 1560 901 1602 fronte
935 1560 1078 1601 celare
1113 1561 1280 1614 nequit,
1314 1561 1393 1602 sed
1428 1560 1562 1602 modo
1596 1560 1810 1609 irascitur,
1846 1561 1891 1601 ut

311 1640 395 1677 Par.
421 1641 519 1684 XIX,
544 1642 612 1677 45:
645 1641 720 1674 καὶ
749 1638 946 1684 Πιλάτος
972 1637 1290 1686 βαρύμηνιν
1313 1640 1342 1685 ¹⁵)
1377 1637 1820 1686 ἀπερροὶβδησεν
1852 1637 2006 1683 ἰωήν,

311 1713 446 1755 modo
478 1710 612 1765 timet,
647 1716 692 1755 ut

311 1794 393 1830 Par.
420 1795 518 1838 XIX,
544 1795 612 1831 60:
639 1795 714 1828 καὶ
730 1792 927 1838 Πιλᾶτος
946 1805 1081 1839 τρομ
1095 1797 1307 1839 εροῖσιν
1326 1790 1381 1828 ἑν
1399 1790 1563 1827 οὔασι
1581 1795 1736 1836 μῦθον
1751 1790 1983 1837 ἀκούσας’)
1997 1817 2006 1828 .

311 1867 542 1921 stupescit,

311 1948 394 1985 Par.
420 1949 549 1992 XVIII,
578 1949 664 1984 180:
715 1948 789 1982 καὶ
818 1945 1014 1991 Πιλάτος
1048 1946 1329 1991 θάμβησε
1356 1948 1429 1981 καὶ
1457 1942 1649 1989 ἔμπαλιν
1676 1944 1820 1992 εἴρετο
1846 1943 2006 1991 μύθῳ,

365 2078 392 2121 ¹)
419 2078 478 2115 Cf.
499 2080 557 2126 Jo.
583 2077 683 2120 XIX,
713 2080 766 2114 ll.
1210 2078 1239 2121 ²)
1268 2078 1351 2113 Par.
1380 2076 1480 2121 XIX,
1505 2079 1562 2113 39.

362 2136 391 2181 8)
418 2138 503 2174 Par.
529 2136 630 2180 XlX,
655 2140 719 2181 3ος
747 2138 796 2173 cf.

477 2197 590 2233 Dion.
616 2196 715 2240 XVI,
741 2198 828 2232 226:
855 2196 924 2230 εἰσὶ
950 2197 1012 2229 καὶ
1040 2196 1079 2230 ἑν
1105 2194 1345 2230 σκυλάκεσσιν
1372 2194 1585 2240 ἐχέφρονες,
1612 2192 1684 2229 οἷσι
1710 2195 1881 2238 Κρονίων

743 2258 831 2292 227:
857 2254 1070 2300 ἀνδρομέην
1097 2253 1218 2298 φρένα
1246 2256 1340 2288 δῶκε
1366 2255 1430 2288 καὶ
1457 2255 1500 2288 οὐ
1527 2252 1684 2299 βροτέην
1710 2252 1801 2297 πόρε
1827 2252 1967 2297 φωνήν.

622 2313 721 2357 XIX,
747 2315 835 2350 218:
852 2310 975 2359 ’Ἡβην
1001 2312 1269 2359 χρυσοπέδιλον
1296 2309 1471 2358 ἐχέφρονι
1497 2311 1643 2347 δείκνυε
1671 2317 1762 2357 σιγῇ.

362 2373 392 2416 ⁴)
419 2373 503 2410 Par.
528 2372 628 2414 XlX,
657 2374 718 2416 16;
745 2375 945 2418 praeterea
970 2374 994 2416 1,
1024 2374 1090 2409 184
1115 2374 1256 2408 dicitur
1282 2373 1329 2408 de
1356 2373 1583 2408 Nathanael.

363 2430 392 2476 ⁶)
419 2432 502 2468 Par.
529 2431 660 2475 XVlll,
688 2433 773 2476 140;
799 2434 998 2476 praeterea
1023 2432 1139 2475 V,237
1165 2433 1202 2467 et
1228 2430 1321 2474 Xlll,
1350 2432 1392 2466 18
1418 2431 1465 2466 de
1493 2430 1659 2473 Christo,
1692 2428 1752 2472 lX,
1774 2430 1840 2465 153
1858 2429 1905 2465 de
1925 2428 2007 2465 Deo

313 2492 463 2527 dicitur.

363 2549 393 2595 ⁶)
420 2551 501 2587 Hoc
528 2561 642 2587 versu
670 2551 904 2586 vocabulum
931 2549 1136 2594 κατήγορος
1162 2550 1412 2594 coniungitur
1431 2559 1516 2584 cum
1542 2549 1727 2593 genitivo,
1748 2549 1789 2583 ut
1806 2548 1917 2583 solet.
1944 2546 2007 2582 Sic

316 2611 454 2646 AeSCh.
489 2610 593 2654 Sept.
628 2611 698 2645 438
731 2620 808 2654 sq.:
842 2614 914 2643 τῶν
940 2621 998 2642 τοι
1023 2606 1189 2652 ματαίων
1214 2606 1396 2651 ἀνδράσιν
1422 2605 1670 2651 φρονημάτων

848 2668 866 2712 ἡ
893 2664 1017 2712 ylebon?
1045 2667 1190 2711 ἀληθὴς
1215 2665 1376 2711 γίγνεται
1405 2665 1623 2710 κατήγορος,

360 2727 457 2764 Xen.
480 2727 574 2764 Qec.
591 2726 675 2770 XX,
696 2729 757 2763 15:
788 2725 860 2760 ἀλλ’
884 2727 905 2771 ἡ
923 2727 1081 2771 ’γεωργία
1101 2721 1175 2759 ἐστὶ
1193 2725 1314 2770 σαφὴς
1331 2730 1452 2770 ψυχῆς
1469 2724 1675 2768 κατήγορος
1692 2728 1818 2767 κακῆς.
1847 2723 2007 2766 Ceteris,

315 2788 380 2823 ubi
399 2787 577 2830 occurrit,
596 2787 694 2822 locis
713 2786 795 2822 Par.
814 2787 858 2829 V,
880 2787 964 2829 172;
993 2787 1078 2829 174;
1104 2784 1233 2828 XVlll,
1257 2786 1340 2827 l30;
1367 2783 1466 2828 XIX,
1488 2785 1564 2826 143,
1584 2793 1671 2819 curn
1691 2783 1864 2828 genitivo
1883 2791 2008 2826 neque

314 2847 391 2882 alio
417 2855 510 2882 casu
537 2846 797 2890 conjungitur.

364 2903 392 2948 τ)
419 2904 479 2941 Cf.
501 2905 557 2951 JO.
583 2902 713 2946 XVIII,
740 2905 803 2939 29:
834 2901 917 2937 τίνοι
943 2904 1172 2947 κατηγορίαν
1197 2900 1325 2946 φέρετε
1352 2907 1417 2935 τοῦ
1443 2901 1651 2943 ἀνθρώπου
1678 2899 1831 2939 τούτους
1856 2900 2006 2936 Nomen

316 2962 471 3006 ὄλεθρος
485 2965 544 2998 est
558 2963 740 3007 adjectivi
757 2964 888 3006 instar,
902 2972 956 2998 sc.
973 2962 1274 3007 „perniciosus’',
1289 2964 1341 2997 ut.
1355 2961 1462 2997 Dem.
1480 2959 1589 3001 lX,3l
1606 2971 1614 2994 :
1634 2958 1790 3002 ὄλεθρος
1808 2957 2007 2999 Μακεδών,

316 3020 445 3064 XVIII,
474 3023 558 3064 127;
586 3020 741 3064 ὄλεθρος
764 3021 1008 3065 γραμματεύς.

365 3079 395 3123 ⁶)
422 3080 624 3117 Praeterea
650 3080 733 3116 Par.
760 3080 835 3123 Vll,
861 3081 918 3116 88.

367 3137 396 3183 ⁹)
423 3139 644 3175 Praeterea:
669 3143 899 3182 τρομεροῐσιν
927 3137 965 3171 ἐν
993 3138 1098 3171 οὔασι
1128 3139 1268 3183 legitur
1294 3137 1378 3173 Par.
1406 3136 1484 3179 Xll,
1514 3138 1589 3171 115.
