2180 3606
946 187 1002 229 87

134 315 208 358 ubi
242 316 444 359 tribunus
477 317 676 369 militum,
710 318 784 371 qui
820 318 874 361 iis
907 320 1093 372 praeest,
1127 317 1375 372 appellatur
1407 320 1559 360 custos
1591 318 1741 372 templi
1775 320 1815 360 et

133 385 294 428 milites
328 387 412 441 ipsi
447 387 757 430 sanctissimus
790 389 1021 431 exercitus.
1056 386 1142 431 Sed
1169 388 1397 442 quomodo
1420 387 1607 430 Nonnus
1631 389 1673 429 in
1698 388 1813 430 hunc

133 466 321 498 errorem
366 457 559 500 incidere
603 457 780 512 potuit?
823 457 928 502 Rem
971 459 1034 501 sic
1075 470 1124 501 se
1166 459 1328 501 habere
1370 459 1589 501 existimo.
1627 458 1814 500 Nonnus

132 526 392 580 synopticos
424 528 709 582 comparavit,
744 530 789 570 ut
821 530 940 583 patet
972 541 1025 572 ex
1058 529 1126 580 iis,
1161 541 1274 583 quae
1307 529 1361 571 de
1394 529 1529 571 altera
1550 531 1813 571 armatorum

132 607 263 638 manu
293 597 410 640 dicta
432 600 546 640 sunt.
571 597 614 639 In
639 609 827 641 errorem
852 601 997 641 autem
1022 599 1190 651 incidit,
1214 599 1336 653 quod
1360 599 1478 653 apud
1500 598 1661 641 Lucam
1686 598 1812 654 legit:

131 675 429 720 συνελάλησεν
454 681 546 722 τοῖς
572 674 851 724 ἀρχιερεῦσιν
876 679 950 713 καὶ
977 682 1305 725 στρατηγοῖς
1325 678 1366 723 ¹).
1400 669 1451 711 Hi
1486 671 1631 711 autem
1664 687 1815 726 στρα-

131 746 288 790 τηγοί
334 740 436 780 sunt
483 739 763 793 magistratus
805 739 975 794 Judaei,
1023 740 1174 794 templi
1218 741 1448 783 custodiae
1493 740 1714 795 praefecti,
1760 741 1813 783 de

131 818 318 860 quorum
364 808 511 850 officio
553 808 654 851 vide
699 807 950 864 Schiirer2).
994 808 1137 865 Saepe
1170 811 1300 852 etiam
1334 822 1449 853 unus
1481 819 1814 866 στρατηγός

131 875 466 933 memoratur³);
510 879 580 921 hic
623 881 690 921 est
731 891 931 922 summus
965 881 1120 922 horum
1155 880 1474 934 praefectorum
1510 883 1551 924 et
1581 893 1606 924 a
1638 893 1813 924 summo

130 948 338 1002 pontifice
382 949 593 1004 dignitate
627 951 856 1004 proximus
874 948 919 1005 ⁴).
954 950 1049 993 Hoc
1082 951 1225 993 Lucae
1259 952 1525 993 vocabulum
1559 953 1667 995 satis
1700 953 1812 995 bene

129 1018 399 1062 intellexisse
433 1019 605 1062 videtur
637 1021 837 1072 Nonnus,
872 1022 952 1063 sed
986 1023 1155 1073 erravit,
1190 1022 1312 1076 quod
1346 1022 1463 1064 hunc
1497 1024 1812 1077 magistratum,

128 1090 203 1143 qui
238 1101 387 1132 revera
419 1092 570 1133 custos
603 1091 754 1146 templi
785 1093 864 1143 est,
889 1093 1059 1146 putavit
1081 1092 1270 1135 eundem
1295 1103 1393 1135 esse
1418 1093 1655 1144 hominem,
1681 1106 1810 1148 quem

125 1159 318 1214 Joannes
333 1169 411 1206 τὸν
427 1171 662 1218 χιλίαρχον
679 1159 927 1217 appellat⁵).
951 1160 1024 1205 Sic
1042 1162 1204 1204 factum
1226 1164 1303 1212 est,
1323 1164 1369 1204 ut
1386 1164 1515 1205 etiam
1534 1171 1613 1217 τὴν
1632 1178 1814 1221 σπεῖραν

129 1231 311 1273 haberet
353 1244 432 1286 pro
475 1232 638 1275 Levitis
680 1233 781 1284 illis,
815 1233 981 1287 quibus
1014 1233 1165 1287 templi
1199 1233 1404 1276 custodia
1436 1236 1527 1276 erat
1559 1236 1813 1279 commissa.

187 1299 359 1351 Quodsi
395 1303 495 1357 quis
528 1303 645 1345 dicat
677 1302 885 1345 Nonnum
917 1310 997 1356 τὴν
1023 1315 1206 1359 σπεῖραν
1239 1302 1400 1346 milites
1433 1303 1657 1349 Romanos
1686 1306 1813 1348 intel-

128 1371 291 1415 lexisse
314 1385 555 1427 eorumque
573 1374 796 1416 tribunum
815 1374 1045 1416 custodem
1065 1374 1231 1429 templi,
1251 1376 1485 1428 propterea
1503 1376 1624 1429 quod
1643 1376 1811 1418 cohorti

128 1443 190 1485 illi
233 1443 384 1498 templi
429 1444 632 1486 custodia
674 1444 835 1487 diebus
877 1444 1002 1487 festis
1044 1448 1135 1487 erat
1177 1445 1431 1497 commissa,
1477 1448 1702 1500 praeterea
1739 1447 1813 1489 illa

128 1515 301 1566 cohors,
336 1527 435 1557 cum
461 1516 504 1557 in
528 1527 627 1558 arce
649 1514 852 1566 Antonia,
876 1516 1043 1570 templo
1067 1516 1225 1567 vicina,
1250 1518 1369 1559 esset
1391 1517 1621 1566 collocata,
1645 1518 1811 1572 templo

126 1598 307 1641 quoque
326 1588 541 1641 perpetuo
565 1588 655 1629 erat
677 1587 916 1642 praesidio,
939 1587 1378 1630 animadvertendum
1397 1588 1502 1630 mihi
1523 1599 1622 1631 esse
1640 1589 1813 1631 videtur

127 1657 169 1699 in
212 1658 352 1708 horto,
396 1670 495 1700 cum
539 1655 742 1701 Christus
775 1660 1016 1712 caperetur,
1050 1658 1248 1701 adfuisse
1281 1659 1562 1714 magistratus
1593 1660 1745 1714 templi
1764 1657 1809 1714 ⁶).

125 1727 256 1783 Atqui
302 1729 385 1771 hos
428 1728 940 1784 magistratus-Judaeos
978 1729 1165 1772 Nonnus
1199 1730 1316 1772 haud
1350 1731 1581 1785 ignoravit,
1615 1733 1661 1772 ut
1693 1733 1812 1785 patet

126 1811 179 1841 ex
222 1800 290 1849 iis,
334 1811 448 1853 quae
491 1800 608 1842 dicta
646 1801 760 1842 sunt.
794 1798 1041 1842 Verisimile
1075 1801 1206 1854 igitur
1238 1812 1326 1843 non
1361 1803 1427 1843 est
1459 1813 1558 1844 eum
1593 1802 1676 1844 hos
1708 1814 1809 1844 vere

125 1870 337 1913 custodes
358 1871 510 1925 templi
535 1882 634 1913 cum
658 1871 835 1913 tribuno
860 1871 1045 1913 militum
1064 1871 1336 1914 confudisse.
1361 1871 1590 1914 Praeterea
1608 1873 1808 1923 Nonnus,

124 1942 170 1984 ut
198 1953 373 1984 omnem
397 1941 486 1985 fere
511 1940 672 1985 Christi
697 1942 922 1996 supplicio
945 1941 1088 1984 affecti
1113 1942 1290 1997 culpam
1314 1943 1357 1984 in
1375 1943 1572 1997 Judaeos
1593 1944 1808 1995 transfert,

117 2012 313 2067 Judaeos
360 2012 522 2055 milites
570 2011 792 2056 Christum
837 2014 1060 2067 capturos,
1104 2014 1286 2055 omissis
1330 2012 1540 2057 Romanis
1580 2013 1808 2065 militibus,

123 2082 353 2125 induxisse
386 2083 570 2126 videtur.

180 2225 323 2267 Verba
347 2224 564 2280 Joannea:
597 2234 735 2278 μετὰ
763 2237 950 2279 φανῶν
974 2235 1063 2269 καὶ
1090 2235 1440 2280 λαμπάδων)
1465 2238 1638 2269 summo
1663 2227 1811 2269 colore

122 2295 308 2338 illustrat
338 2295 526 2338 Nonnus

121 2388 203 2425 Par.
222 2389 351 2433 XVIII,
372 2390 436 2425 16:
487 2385 647 2432 τεύχεα
672 2389 746 2423 καὶ
772 2389 1031 2434 λαμπτῆρας
1053 2387 1082 2432 ⁸)
1109 2383 1236 2432 ἔχων·
1263 2389 1336 2423 καὶ
1363 2384 1609 2432 ὁμόστολος
1636 2385 1744 2435 ἀνὴρ

372 2461 436 2495 17;
485 2459 611 2505 χερσὶ
636 2457 982 2504 πολυσπερέεσσι
1008 2457 1250 2504 μετάρσιον
1273 2458 1301 2503 ⁹)
1330 2455 1464 2503 ἄλλος
1490 2454 1554 2493 ἐπ’
1586 2456 1709 2505 ἄλλῳ

370 2531 434 2566 18:
485 2526 663 2573 λύχνων
688 2527 732 2574 ¹⁰)
760 2525 1026 2573 ἐνδομύχων
1053 2526 1348 2573 ἀνεμοσκεπὲς
1375 2526 1502 2574 ἄγγος
1528 2526 1704 2575 ἀείρων,

370 2602 433 2637 19;
485 2597 625 2645 ἄγγος,
652 2596 759 2646 ὅπερ
786 2598 1050 2636 δονάκεσσιν
1076 2597 1354 2645 ἀμοιβαίοισι
1380 2599 1616 2636 συνάπτων

366 2672 434 2708 20:
484 2670 627 2706 πυκνὰ
652 2668 983 2717 μεριζομένοισι
1008 2669 1149 2717 γέρων
1174 2669 1434 2706 κυκλώσατο
1460 2670 1626 2706 τέκτων

174 2789 199 2834 ¹)
227 2791 316 2827 Luc.
343 2791 456 2834 XXll,
481 2792 513 2827 4.
874 2789 901 2835 ²)
930 2791 989 2828 Cf.
1015 2791 1180 2828 Schiirer
1207 2792 1247 2836 11,
1273 2802 1308 2837 p.
1334 2793 1531 2828 320—322.

171 2848 199 2892 ³)
227 2849 286 2885 Cf.
314 2850 399 2885 Act.
425 2850 485 2894 IV,
514 2852 555 2894 1;
582 2850 626 2894 V,
652 2852 720 2894 25;
746 2851 802 2886 26.

171 2907 200 2951 ⁴)
228 2907 286 2944 Cf.
313 2907 489 2953 Schiirer,
515 2910 572 2953 ll.;
599 2909 778 2946 hebraice
805 2909 963 2946 dicitur:
989 2911 1061 2963 μῦ·

172 2965 200 3009 ⁵)
224 2967 280 3013 Jo.
307 2966 436 3009 XVIII,
466 2968 518 3003 12.
874 2967 901 3012 ⁷)
925 2969 982 3015 Jo.
1008 2969 1136 3012 XVIII,
1162 2970 1195 3004 3.

171 3023 200 3068 ⁸)
229 3024 286 3061 Cf.
314 3025 403 3061 Luc.
429 3026 542 3070 XXll,
566 3027 622 3062 52.
871 3025 899 3070 ⁸)
925 3027 964 3063 ln
991 3026 1074 3063 Par.
1099 3025 1139 3071 †.

171 3082 200 3128 ⁹)
228 3083 286 3119 Cf.
313 3094 348 3120 n.
373 3085 430 3120 93.
861 3084 905 3130 ¹⁰)
932 3085 1152 3123 Praeterea:
1186 3085 1269 3122 Par.
1296 3086 1340 3129 V,
1371 3087 1435 3122 136
1445 3098 1453 3129 ;
1482 3087 1566 3130 139;
1593 3086 1720 3130 XVHI,
1747 3087 1803 3121 22.

1874 2226 1926 2269 N.
1948 2227 2019 2269 44.
