2180 3606
916 215 973 258 83

105 357 184 400 pro
226 345 402 395 humo,
447 345 627 399 plaga,
672 355 1020 398 quocunque
1064 344 1315 398 denique
1359 344 1503 394 loco,
1547 343 1640 386 ubi
1685 356 1785 397 pes

105 416 236 469 poni
272 418 479 468 potest,
513 416 558 456 ut

151 506 232 543 Par.
260 507 319 550 IV,
345 509 436 543 217:
487 502 681 548 ἄστεος
707 501 965 550 ἀγχιπόροιο
991 502 1221 549 κατήλυδα
1246 503 1412 549 πέζαν
1439 500 1625 545 ὁδεύων,

150 577 233 613 Par.
261 577 319 621 VI,
345 578 389 614 6:
438 576 512 611 καὶ
538 573 740 610 δαπέδου
765 572 1009 619 λοφόεντος
1035 571 1285 621 ε’ρημὰδα
1311 573 1474 618 πέζαν
1500 571 1684 615 ὁδεύων,

150 646 230 683 Par.
255 647 384 691 XVIII,
408 648 453 683 9:
502 643 693 691 Χριστὸς
718 640 789 679 ὅτι
815 642 1048 679 σκιόεσσαν
1082 641 1330 691 ε’ρημάδα
1355 644 1522 689 πέζαν
1548 641 1722 680 ὁδεύων
1746 644 1787 690 ¹).

103 729 296 773 Alterum
330 730 475 773 locum
505 730 698 785 Joannes
734 743 904 784 κῆπον
943 730 1191 784 eodemque
1226 731 1403 773 nomine
1435 731 1622 774 Nonnus
1644 732 1787 773 vocat.

105 801 185 843 Hic
218 802 371 844 hortus
404 804 470 844 est
502 800 731 856 praedium
766 799 1070 852 Gethsemani,
1104 802 1226 855 quod
1260 802 1343 844 sub
1378 804 1526 844 monte
1560 800 1787 845 Olivarum

103 872 234 915 situm
269 874 348 922 est,
382 874 428 914 ut
460 884 482 914 e
515 872 763 926 synopticis
796 871 1076 914 manifestum
1110 873 1177 914 est
1192 868 1238 925 2).
1273 871 1549 914 Describitur
1580 884 1605 914 a
1627 871 1788 914 Nonno

104 943 256 985 hortus
275 942 457 996 pulchre
474 943 701 984 virescens
725 942 751 984 i.
768 953 804 984 e.
835 947 1059 996 ε’ύχλοος
1078 950 1121 997 ⁸),
1146 944 1188 984 et
1214 953 1399 996 opacam
1419 944 1551 996 atque
1570 943 1788 985 desertam

103 1014 259 1055 terram
308 1024 369 1055 SC.
416 1020 742 1057 σκιόεσσαν
780 1018 1053 1068 ἑρημάδα
1091 1020 1320 1067 πέζαν“)
1369 1024 1467 1055 eum
1506 1013 1626 1055 dicit.
1662 1012 1788 1055 Hunc

104 1082 325 1125 Dominus
349 1079 590 1137 pervadit⁵)
615 1083 657 1125 in
682 1083 868 1137 ejusque
893 1085 1085 1125 extrema
1108 1084 1229 1137 parte
1251 1083 1425 1138 attingit
1447 1084 1618 1125 tertium
1643 1083 1789 1125 locum

103 1153 337 1196 arboribus
382 1153 495 1196 bene
536 1153 833 1208 fragrantibus
875 1154 1096 1195 consitum
1139 1164 1316 1207 semper
1352 1153 1548 1196 florentis
1581 1154 1789 1207 paradisi.

104 1224 199 1267 Hoc
233 1235 390 1267 nemus
422 1224 709 1278 paraphrasta
733 1225 960 1278 nuncupat
982 1231 1305 1278 φυτηκόμον
1331 1229 1495 1277 ἄλσος
1513 1232 1542 1278 ⁶)
1567 1225 1608 1266 et

245 1297 533 1343 φυταλιὴν
571 1294 839 1341 εὔοδμον
877 1294 1209 1342 ἀειθαλέος
1247 1297 1687 1344 παραδείσουῖ),

105 1361 206 1403 item
251 1372 444 1415 χῶρον
471 1365 775 1414 ἐκεῖνον’).

163 1435 391 1479 Praeterea
424 1437 576 1479 hortus
610 1438 979 1478 commemoratur

152 1511 234 1548 Par.
261 1511 389 1555 XVIII,
419 1513 505 1548 127:
556 1500 681 1546 εἶδον
706 1507 790 1555 ἐγὼ
817 1511 847 1544 δ
861 1522 885 1557 ρ
901 1522 927 1544 υ
942 1508 966 1545 ό
981 1521 1001 1545 ε
1015 1522 1040 1545 ν
1054 1521 1078 1544 τ
1093 1521 1117 1545 ο
1132 1522 1152 1554 ς
1178 1505 1388 1553 ὁμέστιον
1416 1504 1577 1545 ἔνδοθι
1602 1507 1756 1554 κήπου.

103 1578 248 1621 Editio
282 1576 659 1630 ScheindlerIana,
689 1577 989 1620 Wernickium
1013 1577 1068 1620 ad
1092 1577 1494 1632 Thryphiodorum,
1517 1578 1603 1620 313
1626 1579 1790 1629 secuta,

105 1661 185 1704 pro
217 1661 327 1692 voce
361 1656 666 1705 οενορόεντος,
701 1661 815 1703 quae
839 1649 997 1704 legitur
1020 1649 1063 1690 in
1085 1648 1320 1691 codicibus
1345 1648 1380 1691 V
1403 1648 1476 1699 Pa,
1501 1650 1574 1691 aut
1596 1655 1791 1704 δενδρώ-

104 1740 240 1774 εντος,
260 1732 393 1774 quam
413 1720 486 1762 Ma
504 1719 537 1762 Ρ
555 1720 777 1771 exhibent,
797 1720 1009 1774 scriptum
1030 1719 1163 1761 habet
1179 1719 1448 1762 vocabulum
1475 1728 1790 1775 ορυόεντος.

105 1791 224 1833 Haec
256 1793 401 1833 autem
431 1790 562 1833 lectio
585 1790 758 1832 videtur
780 1790 885 1832 mihi
911 1801 1010 1832 esse
1033 1790 1318 1832 admittenda.
1353 1789 1462 1832 Nam
1487 1790 1641 1832 lectio:
1667 1790 1792 1835 εἶδον

104 1868 188 1916 ἐγὼ
222 1869 525 1917 δενδρώεντος
559 1867 770 1914 ὸμέστιον
812 1862 892 1903 cet.
937 1862 1074 1903 metro
1119 1860 1353 1903 manifesto
1392 1863 1620 1915 repugnat,
1660 1861 1790 1904 lectio

103 1934 272 1975 autern:
306 1932 431 1977 εἶδον
457 1939 761 1988 δενδρώεντος
793 1933 889 1982 cet„
923 1943 1056 1985 quam
1085 1931 1268 1986 Juvenis
1301 1931 1446 1981 habet,
1471 1932 1635 1974 excutit
1657 1944 1792 1975 voca-

104 2003 256 2045 bulum
281 2009 378 2057 ὲγώ,
403 2003 525 2056 quod
548 2013 703 2044 omnes
723 2002 904 2044 codices
922 2002 1136 2056 scriptum
1156 2002 1332 2044 habent.
1357 2000 1585 2044 Praeterea
1603 2002 1791 2046 Nonnus

104 2074 219 2116 duos
261 2073 491 2128 spondeos
534 2073 839 2115 tantummodo
883 2073 997 2127 pede
1030 2072 1230 2115 secundo
1263 2074 1304 2114 et
1335 2073 1462 2115 terti0
1496 2074 1723 2116 continuat
1743 2070 1789 2128 ⁹).

104 2144 253 2187 Lectio
272 2156 421 2199 porro:
446 2143 570 2188 εἶδον
596 2150 680 2198 ἐγὼ
707 2141 1011 2199 δένορόεντος,
1032 2145 1233 2197 correpta
1250 2143 1421 2197 syllaba
1439 2144 1593 2198 prima,
1613 2143 1790 2186 defendi

105 2215 284 2269 quidem
318 2216 477 2269 potest,
510 2215 590 2257 sed
622 2214 712 2256 veri
747 2213 964 2256 dissimile
999 2215 1065 2256 est
1097 2214 1210 2256 hanc
1236 2214 1558 2268 correptionem
1582 2226 1608 2257 a
1629 2214 1791 2257 Nonno

104 2286 288 2328 admitti.
307 2284 570 2328 Defenditur
585 2284 843 2327 auctoribus
862 2284 1054 2327 Homero
1074 2280 1133 2338 ¹⁰),
1164 2283 1384 2339 Aeschylo
1403 2280 1463 2339 ¹¹),
1487 2283 1712 2339 Sophocle
1731 2282 1791 2339 ¹²),

156 2459 184 2505 ι)
211 2460 388 2497 Occurrit
413 2461 628 2505 praeterea:
655 2458 737 2495 Par.
765 2459 821 2503 III,
847 2461 911 2503 71;
939 2459 998 2503 IV,
1028 2460 1088 2502 12;
1113 2460 1178 2502 22;
1205 2459 1282 2503 XII,
1311 2461 1349 2502 l;
1376 2459 1457 2502 XX,
1483 2460 1548 2502 39;
1574 2460 1631 2495 55.

156 2518 184 2564 ⁹)
212 2519 270 2556 Cf.
298 2519 434 2556 Matth.
461 2518 594 2562 XXVI,
620 2519 688 2561 3Ο;
715 2518 783 2561 36;
810 2518 928 2555 Marc.
955 2518 1052 2562 XIV,
1078 2518 1146 2561 26;
1172 2519 1240 2561 32;
1267 2518 1356 2554 Luc.
1382 2517 1496 2562 XXII,
1522 2518 1568 2554 39
1581 2528 1651 2563 sq..

156 2576 184 2622 ¹)
212 2578 294 2615 Par.
321 2578 449 2621 XVIII,
475 2575 551 2621 5†.
1000 2575 1029 2620 ⁴)
1056 2576 1139 2613 Par.
1167 2576 1295 2620 XVIII,
1321 2577 1354 2613 9.

156 2634 185 2681 ⁸)
212 2636 295 2673 Par.
322 2636 452 2679 XVIII,
478 2637 518 2672 5:
545 2632 797 2680 παραμείβων,
822 2636 866 2672 9:
894 2634 1045 2670 ὁδεύων.

153 2694 184 2740 ⁶)
211 2695 295 2731 Par.
322 2695 450 2739 XVIII,
475 2696 521 2738 83
547 2692 759 2738 φυτηκόμος
784 2696 981 2739 praeterea
1008 2694 1091 2731 Par.
1118 2694 1200 2738 XX,
1225 2695 1293 2730 67:

504 2750 685 2797 ἑλκομένη
711 2751 846 2796 κήποιο
873 2751 1088 2797 φυτηκόμον
1114 2752 1234 2796 ἄνδρα
1262 2757 1404 2796 νοῆσαι.

155 2812 181 2858 τ)
210 2813 292 2849 Par.
307 2812 435 2856 XVIII,
449 2814 490 2849 7:
505 2811 688 2856 φυταλιὴν
699 2809 745 2856 †;
762 2814 870 2848 metri
887 2822 1005 2848 causa
1019 2813 1141 2857 prima
1152 2812 1303 2856 syllaba
1317 2812 1559 2857 producitur;
1574 2811 1733 2857 εὔοδμον
1744 2811 1790 2857 †;

105 2869 304 2911 ἀεοθαλέος
322 2869 369 2915 †;
395 2869 620 2914 παράδεισος
637 2873 835 2916 praeterea
861 2870 944 2907 Par.
972 2871 1027 2914 III,
1052 2871 1120 2907 86:
1148 2866 1189 2905 ἐν
1217 2868 1402 2917 εὐδένδρῳ
1427 2868 1649 2918 παραδείσῳ.

155 2928 184 2974 ⁸)
212 2930 295 2967 Par.
321 2930 448 2974 XVIII,
478 2932 530 2967 10.
998 2928 1027 2974 ⁹)
1055 2929 1113 2966 Cf.
1141 2929 1338 2973 Ludwich,
1366 2930 1556 2975 Beitrage,
1582 2940 1618 2975 p.
1636 2931 1681 2966 43
1695 2940 1791 2976 sqq..

137 2988 182 3034 ¹⁰)
211 2989 269 3026 cf.
296 2990 405 3026 Hom.
433 2989 470 3026 11.
498 2990 537 3033 11,
562 2990 653 3026 651:
678 2977 931 3034 ἓνδροφόντῃ,
958 2988 1055 3032 x1v,
1081 2975 1341 3032 78;ἆμβρότη,
1360 2988 1456 3032 xvi,
1475 2989 1566 3032 857;
1587 2988 1790 3033 xx1,363;

105 3049 236 3092 XXIV,
262 3049 305 3084 6:
332 3036 584 3092 ἆ(ν)δροτῆτα,
611 3048 660 3085 cf.
687 3059 721 3083 v.
749 3048 952 3091 Leeuwen,
978 3047 1131 3083 EnchIr.
1158 3046 1247 3082 dict.
1274 3056 1332 3091 ep.
1361 3044 1386 3091 §
1412 3048 1468 3083 28.

139 3107 183 3152 ¹¹)
212 3107 270 3144 Cf.
286 3107 624 3144 Aesch.Eum.934
637 3118 645 3144 :
659 3094 942 3151 οἷμπλοικήμοιτα.
981 3104 1026 3150 ¹²)
1053 3105 1112 3142 Cf.
1127 3105 1244 3150 Soph.
1260 3104 1305 3141 Ο.
1319 3104 1360 3144 R.
1378 3107 1469 3142 472:
1494 3094 1790 3151 ἀνᾶμπλοὲκητοι.
