2180 3606
1105 160 1162 202 34

287 293 330 335 in
364 293 523 335 malam
558 295 738 347 partem,
772 293 830 333 ita
863 293 908 333 ut
940 290 1160 345 significet
1191 292 1286 332 aut:
1323 290 1446 343 „qui
1482 292 1564 331 est
1596 290 1781 331 animo
1815 289 1977 331 torti”

286 365 378 406 aut:
415 376 466 415 „a
484 376 510 405 u
529 363 556 405 d
575 376 600 406 a
618 377 658 415 x,
692 363 706 404 t
725 374 747 404 e
767 375 784 404 r
801 374 827 403 o
846 375 886 411 x,
922 362 992 402 im
1013 373 1040 414 p
1060 373 1086 402 u
1106 360 1133 402 d
1153 371 1175 402 e
1196 372 1221 401 n
1240 360 1304 402 s'’.
1329 359 1454 410 Quae
1479 361 1610 415 igitur
1632 360 1688 401 sit
1709 360 1977 414 significatio

286 435 412 477 vocis
453 441 640 490 θρασύς,
683 434 738 475 de
781 431 909 474 Petro
953 431 1111 481 dictae,
1154 431 1490 486 diiudicandum
1529 432 1595 473 est
1628 442 1650 472 e
1685 432 1977 484 perpetuitate

286 506 535 547 verborum.
570 505 718 557 Itaque

334 580 417 616 Par.
444 580 487 623 V,
517 580 603 615 176:
651 572 871 623 Ἀνδρείας
896 572 977 610 ὅθι
1002 579 1140 615 ναῖεν,
1169 572 1252 620 ὅπῃ
1278 574 1493 622 θρασὺς
1519 571 1628 621 ᾤκεε
1655 574 1823 617 Σίμων,

287 658 378 700 quo
412 646 671 699 explanatur
699 651 754 697 Jo.
783 650 806 691 1,
832 651 899 684 44:
939 645 986 682 ἑκ
1012 651 1086 692 τῆς
1111 646 1282 692 πόλεως
1305 643 1511 694 ’Λνδρέου
1536 648 1611 682 καὶ
1640 644 1830 693 Πέτρου,
1865 641 1979 683 hanc

288 728 377 759 rem
410 716 554 757 dirimi
589 725 676 756 non
711 724 847 768 posse
880 714 1078 766 apparet.
1114 712 1209 753 Hoc
1242 712 1359 753 enim
1394 711 1494 753 loco
1529 715 1661 765 poeta
1693 710 1867 753 Petrum
1898 722 1979 753 nec

287 786 542 840 loquentem
587 796 732 837 neque
774 787 977 838 agentem
1016 782 1198 824 inducit.
1233 780 1321 824 Sed
1355 782 1469 824 clare
1504 783 1670 823 indicat
1702 782 1798 836 eJ‘us
1830 783 1980 823 animo

287 858 465 899 insitum
509 867 608 898 esse
651 856 783 908 atque
827 854 1038 904 innatum,
1080 855 1125 895 ut
1158 853 1215 895 sit
1246 859 1432 908 θρασύς.
1466 851 1588 896 Solet
1620 851 1775 894 Petrus
1806 858 1982 908 θρασύς

288 939 387 970 esse
421 927 555 980 idque
590 926 816 980 proprium
852 927 917 966 est
950 925 1059 979 eius.
1095 924 1211 965 Idem
1246 923 1440 966 declarat

334 1002 416 1038 Par.
437 1002 496 1044 IV,
526 1003 614 1037 134:
640 996 749 1034 οὐδὲ
764 1011 843 1043 μιν
861 996 1005 1045 εἴρετο
1026 995 1209 1045 Πέτρος,
1230 995 1308 1032 ἅτε
1325 997 1351 1042 ¹)
1381 994 1560 1044 θρασύ
1572 1007 1605 1042 ς·
1633 993 1741 1032 οὐδὲ
1756 1008 1822 1041 τις
1842 993 1982 1032 αὐτὸν

336 1074 424 1109 135;
451 1069 675 1116 τολμήσας
701 1067 880 1117 ἐρέεινε,
907 1073 944 1107 et
971 1071 1069 1114 XXI,
1096 1072 1163 1106 71:
1190 1070 1264 1104 καὶ
1291 1066 1345 1104 οὐ
1371 1067 1582 1115 θρασὺς
1608 1066 1754 1114 εἴρετο
1781 1067 1948 1111 Σίμων.

288 1139 368 1181 His
401 1139 514 1181 locis
546 1133 733 1181 Nomius
767 1150 855 1180 rem
889 1138 945 1179 ab
979 1137 1253 1192 evangelista
1285 1138 1500 1178 narratam
1525 1134 1848 1189 aliquantulum
1873 1136 1983 1177 dila-

287 1211 406 1260 tavit,
456 1222 555 1252 cum
604 1210 675 1251 hic
724 1209 778 1251 de
827 1208 956 1250 Petro
999 1208 1160 1250 diserte
1204 1219 1292 1249 non
1335 1207 1553 1260 quuatur.
1588 1204 1676 1248 Sed
1711 1206 1843 1259 priori
1880 1207 1980 1247 loco

282 1281 479 1336 Joannes
521 1281 650 1322 dicit:
683 1285 834 1333 οὐδεὶς
859 1285 1017 1332 μέντοι
1043 1278 1164 1323 εἶπεν
1187 1286 1231 1331 ⁹),
1268 1279 1326 1320 ita
1360 1280 1406 1320 ut
1439 1277 1741 1331 paraphrasta,
1775 1277 1981 1330 quamvis

288 1351 568 1406 evangelium
601 1362 755 1392 ansam
789 1362 877 1392 non
913 1350 1134 1403 praebeat,
1170 1349 1429 1390 nominatim
1464 1348 1638 1389 Petrum
1664 1347 1848 1402 ejusque
1871 1358 1985 1403 θρα·

288 1429 455 1476 σύτητα
483 1423 810 1464 commemoret.
834 1420 981 1462 Altero
1007 1420 1106 1462 loco
1135 1419 1408 1474 evangelista
1429 1424 1593 1473 οὐδεὶς,
1626 1418 1781 1471 inquit,
1812 1423 1982 1470 ἐτόλμα

287 1505 378 1538 τῶν
403 1504 625 1546 μαθητῶν
651 1498 851 1546 ἐξετάσαι
881 1497 1019 1535 αὐτόν
1041 1498 1084 1545 ³).
1112 1489 1199 1533 Sed
1235 1491 1537 1544 paraphrasta‚
1570 1489 1758 1531 fortasse
1788 1489 1983 1530 nominis

288 1563 402 1605 Petri
447 1576 614 1606 memor
652 1575 706 1605 ex
748 1564 816 1613 iis,
859 1563 934 1616 qui
979 1562 1264 1616 praecedunt,
1308 1561 1512 1603 versibus
1536 1558 1581 1614 ⁴),
1623 1560 1776 1601 iterum
1819 1571 1980 1600 nomen

289 1635 486 1686 inseruit,
528 1637 573 1676 ut
614 1634 868 1676 ostenderet
909 1645 962 1675 ne
1003 1632 1175 1674 Petrum
1219 1631 1415 1685 quidem,
1450 1631 1656 1685 quamvis
1695 1631 1980 1672 occasionem

288 1706 468 1760 ingenio
501 1717 584 1747 suo
618 1705 878 1759 indulgendi
914 1706 1104 1753 nactum,
1137 1709 1316 1758 θρασύν
1348 1713 1396 1744 se
1431 1702 1707 1756 praebuisse.

347 1777 465 1828 Loci,
500 1777 665 1830 quibus
698 1775 866 1826 Petrus,
900 1775 981 1817 etsi
1015 1780 1189 1830 θρασύς
1223 1786 1311 1815 non
1337 1773 1520 1823 dicatur,
1544 1772 1642 1814 forti
1667 1774 1813 1813 tamen
1832 1772 1981 1813 animo

289 1859 337 1890 se
371 1859 469 1890 esse
503 1846 698 1889 ostendit
729 1846 916 1900 ejusque
950 1846 1088 1887 virtus
1112 1844 1280 1886 laudari
1305 1844 1490 1893 videtur,
1515 1845 1618 1885 sunt
1636 1841 1729 1884 Par.
1749 1841 1814 1892 VI,
1839 1841 1982 1883 209-

288 1915 439 1972 230⁵);
458 1917 560 1967 XIII,
579 1917 687 1958 94-
703 1917 783 1958 113
799 1913 846 1970 6).
866 1915 1011 1957 Primo
1032 1915 1132 1957 loco
1152 1914 1320 1964 Petrus,
1340 1914 1489 1955 multis
1508 1913 1744 1967 discipulis
1757 1910 1984 1955 Christum

290 1989 648 2038 destituentibus,
683 2000 762 2041 pro
796 1987 953 2029 ceteris
985 1986 1206 2040 apostolis
1238 1985 1336 2027 forti
1371 1985 1520 2027 animo
1550 1984 1728 2038 publice
1752 1983 1985 2025 confitetur

290 2058 513 2102 Christum
557 2070 657 2101 esse
700 2057 910 2101 Sanctum
960 2056 1055 2098 Dei.
1101 2054 1401 2105 Quamobrem
1441 2053 1662 2096 Dominus
1696 2053 1824 2096 Petro
1862 2053 1983 2095 fideli

290 2131 472 2172 comiter
505 2132 546 2172 et
579 2131 775 2171 amanter
808 2128 1039 2182 respondit

336 2205 420 2241 Par.
446 2205 507 2248 VI,
532 2206 625 2240 220:
1431 2195 1624 2243 ἡδυεπὴς
1649 2197 1701 2233 δὲ

536 2276 626 2310 221:
678 2270 920 2308 ἀντίτυπον
947 2269 1063 2316 φάτο
1089 2272 1244 2314 μῦθον
1271 2267 1381 2314 ἅναξ
1406 2267 1650 2313 πειθὴμονι
1678 2265 1849 2315 Πέτρῳ.

291 2342 573 2396 Evangelista
605 2344 750 2383 autem
786 2340 892 2382 dicit
924 2339 1207 2393 simpliciter:
1241 2343 1461 2393 ἀπεκρίθη
1488 2342 1835 2390 αὐτοῖς-ηοω
1860 2342 1986 2392 αὐτῷ

291 2414 317 2454 i.
353 2425 388 2455 e.
423 2412 552 2455 Petro
597 2436 648 2439 —
690 2415 918 2464 ’171601343⁷).
959 2409 1106 2451 Altero
1147 2409 1247 2450 loco
1281 2409 1423 2462 agitur
1454 2408 1510 2449 de
1544 2407 1784 2449 indicando
1818 2406 1981 2450 Christi

291 2484 529 2537 proditore.
564 2482 707 2526 Ceteri
742 2482 934 2536 apostoli
968 2480 1109 2522 timidi
1143 2478 1367 2522 Christum
1402 2480 1668 2532 interrogare
1693 2490 1780 2519 non
1805 2479 1982 2529 audent,

291 2566 437 2608 neque
465 2556 551 2596 tam
580 2554 677 2595 iorti
706 2554 854 2595 animo
878 2554 945 2594 est
967 2551 1135 2593 Petrus.
1159 2550 1328 2592 Tamen
1348 2549 1674 2604 innuitJoanni‚
1695 2550 1740 2589 ut
1759 2546 1982 2591 Christum

343 2704 370 2749 ¹)
399 2705 614 2750 Singularis
643 2705 703 2739 hic
732 2705 766 2739 in
797 2704 937 2739 Nonno
969 2712 1064 2738 usus
1091 2706 1150 2738 est
1176 2702 1377 2745 particulae
1404 2698 1478 2733 ἅτε.
1507 2700 1668 2735 Videtur
1696 2701 1787 2735 mihi
1816 2710 1903 2736 esse
1931 2702 1983 2735 ita

291 2765 556 2809 explicandus,
596 2766 637 2798 ut
674 2765 862 2807 particula
884 2760 973 2796 οὐδὲ
999 2762 1119 2796 fertur
1146 2761 1183 2795 in
1215 2763 1336 2795 totum
1366 2761 1600 2804 cogitatum:
1626 2757 1802 2802 μιν-ἅτε
1827 2758 1982 2802 θρασύς.

291 2825 392 2859 Tota
417 2824 534 2868 igitur
560 2823 774 2858 sententia:
802 2819 954 2864 Πέτρος,
981 2819 1045 2853 ἅτε
1070 2818 1225 2862 θρασύς,
1254 2817 1371 2862 εἴρετο
1400 2820 1422 2854 i.
1438 2829 1468 2854 e.
1499 2818 1668 2861 „Petrus,
1695 2827 1735 2853 ut
1750 2825 1830 2854 erat
1844 2822 1984 2860 audax,

291 2884 375 2919 sive
400 2883 572 2926 alioquin
599 2887 675 2916 tam
703 2882 840 2923 audax,
867 2879 1143 2924 interrogavit”
1170 2883 1344 2924 negatur.

341 2939 371 2984 2)
395 2941 450 2987 Jo.
479 2941 538 2983 IV,
565 2941 621 2975 27.
1188 2935 1217 2980 ⁵)
1246 2937 1302 2973 Cf.
1329 2938 1386 2983 Jo.
1414 2937 1472 2979 VI,
1502 2937 1652 2971 67—71.

342 2998 371 3042 ⁸)
395 3001 452 3045 Jo.
479 2999 575 3038 XXI.
602 3000 663 3033 12.
1189 2994 1217 3039 ⁶)
1247 2996 1304 3032 Cf.
1328 2997 1384 3042 Jo.
1412 2995 1505 3039 XIII,
1531 2995 1682 3030 21—26.

342 3058 372 3102 ⁴)
400 3058 482 3094 Par.
511 3058 608 3101 XXI,
634 3059 673 3093 61
698 3067 781 3102 qu.
802 3058 913 3103 =Jo.
940 3057 1038 3100 XXI,
1068 3057 1121 3091 11.
1190 3054 1218 3099 Ἴ)
1241 3056 1297 3101 Jo.
1326 3055 1385 3098 VI,
1411 3055 1467 3090 70.
