2180 3606
119 2193 170 2235 N.
195 2193 264 2234 35.

1143 227 1199 268 72

326 353 408 390 Par.
431 353 560 398 XVlll,
591 357 677 391 105:
728 357 869 387 ταῦτα
896 351 947 387 δὲ
973 350 1015 386 οἱ
1042 351 1251 388 λαλέοντι
1278 352 1583 399 διάκτορος
1610 351 1758 399 ἄγριος
1784 350 1893 400 ἀνὴρ

589 426 675 462 106:
726 425 924 469 τολμηρῇ
949 421 1131 468 παλάμῃ
1158 421 1324 467 ζαθέην
1350 420 1537 468 ἐπάταξε
1564 421 1765 470 παρειήν.

589 497 676 532 108:
723 490 886 538 Ἰησοῦς
912 489 1143 540 δ’ἀγόρευε
1169 491 1415 540 τανύτριχα
1447 493 1643 540 λάτριν
1669 490 1877 538 ἐλέγχων.

328 574 456 629 Ergo,
479 575 684 628 quamvis
706 573 894 615 Nonnus
916 584 1072 615 servos
1095 585 1119 615 a
1142 574 1300 616 ceteris
1319 574 1531 616 ministris
1549 573 1800 616 discernere
1819 574 2021 615 videatur

327 656 409 691 Par.
436 655 565 696 XVlH.
590 656 658 690 83:
697 650 935 697 συμμιγέες
961 647 1193 687 δ’ἵσταντο
1219 650 1452 699 διάκτοροι
1480 650 1713 699 ἁρχιερῆος

592 726 660 760 84;
698 725 866 768 θῆτες
899 720 1043 766 ὁμοῦ
1072 724 1162 758 καὶ
1188 725 1381 768 δμῶες,
1426 727 1517 768 quo
1561 714 1661 756 loco
1695 714 2019 756 circumscribit

323 798 380 843 jo.
407 796 535 839 xvlll,
566 797 628 831 18:
666 791 942 839 εὶστήκεισαν
975 793 1027 829 δὲ
1061 791 1104 829 οἱ
1140 795 1300 829 δοῦλοι
1334 795 1408 829 καὶ
1445 792 1488 829 οἱ
1524 789 1750 840 ὑπηρέται,
1792 787 1936 826 tamen
1977 785 2020 825 in

328 862 587 916 Paraphrasi
613 861 845 916 dijudicari
870 862 1037 915 nequit,
1061 864 1203 904 utrum
1222 861 1428 904 Malchus
1452 859 1630 905 Christo
1653 861 1827 915 alapam
1847 861 2020 903 duxerit

328 946 382 976 an
415 933 529 976 alius
562 933 678 986 quis.
714 932 882 975 Etenim
917 935 1152 986 utrumque
1185 933 1381 987 appellat
1414 933 1696 974 nominibus:
1735 939 1948 987 λάτρις
1979 933 2021 973 et

327 1012 669 1059 διάκτορος,
695 1015 840 1057 neque
865 1004 1105 1046 vocabula:
1140 1011 1339 1048 ὀπάων
1372 1005 1413 1045 et
1444 1010 1733 1059 θεράπων
1767 1015 1900 1045 unum
1925 1004 2023 1044 tan-

327 1074 557 1117 tummodo
601 1075 898 1116 ministrorum
941 1085 1083 1129 genus
1125 1077 1199 1116 aut
1237 1074 1423 1116 liberum
1457 1077 1531 1116 aut
1563 1085 1738 1117 servum
1772 1073 2021 1128 designant,

328 1146 407 1188 sed
450 1148 553 1188 sunt
595 1134 775 1188 nomina
817 1146 1083 1187 communia.
1128 1144 1385 1188 Promiscue
1429 1146 1544 1187 enim
1591 1145 1779 1187 Nonnus
1814 1144 2024 1186 omnibus

327 1217 416 1259 tere
449 1217 748 1259 ministrorum
782 1216 1017 1259 vocabulis
1050 1217 1183 1258 utitur
1201 1213 1246 1269 ¹).

386 1285 519 1336 Quod
562 1288 715 1329 attinet
756 1287 812 1329 ad
846 1299 1001 1329 vocem
1033 1293 1399 1343 παρήορος),
1433 1299 1547 1340 quae
1582 1287 1718 1329 semel
1754 1286 1944 1329 occurrit
1977 1286 2020 1328 in

375 1362 458 1399 Par.
484 1361 615 1406 XVlll,
644 1363 730 1398 125:
781 1360 932 1406 δεξιον
957 1350 1065 1406 οὖας
1090 1357 1254 1404 ἕταμνε
1280 1359 1505 1407 παρήορον
1533 1358 1633 1407 ι’έορι
1660 1358 1807 1405 νύξας,

329 1429 767 1471 animadvertendum
802 1431 868 1471 est
896 1430 1009 1471 hanc
1034 1429 1211 1483 proprie
1233 1429 1485 1483 significare
1518 1440 1540 1470 e
1556 1441 1583 1482 q
1598 1441 1624 1470 u
1640 1441 1665 1471 u
1680 1441 1720 1470 m
1754 1428 1809 1470 fu
1824 1440 1850 1469 n
1864 1428 1913 1470 al
1928 1439 1950 1470 e
1965 1439 2022 1478 m,

330 1500 420 1553 qui,
454 1500 509 1541 ad
544 1511 716 1541 currum
749 1500 856 1554 iugo
890 1512 979 1541 non
1010 1500 1203 1554 junctus,
1235 1500 1357 1554 Juxta
1391 1500 1518 1554 bigas
1551 1500 1696 1550 currit,
1731 1501 1776 1541 ut

615 1580 674 1614 τὼ
701 1579 752 1614 δὲ
779 1578 1027 1624 διεστήτην,
1053 1580 1175 1627 κρίκε
1202 1579 1254 1615 δὲ
1280 1579 1424 1625 ζυγὸν,
1452 1576 1553 1624 ἠνία
1580 1579 1631 1616 δέ
1659 1588 1739 1624 σφι

611 1642 790 1690 σύγχυτ,
819 1641 972 1689 ἐπειδὴ
990 1641 1132 1680 ἔκειτο
1158 1643 1433 1691 παρήορος
1459 1641 1507 1680 ὲν
1530 1645 1702 1690 κονίῃσι
1720 1643 1763 1689 ⁸).

331 1719 442 1760 Hinc
486 1719 617 1760 latius
650 1720 769 1772 patet
802 1729 880 1771 per
911 1718 1258 1769 translationem,
1293 1719 1351 1760 ita
1384 1720 1430 1760 ut
1452 1718 1675 1772 significet
1706 1728 1871 1767 aurem,
1906 1727 2021 1770 quae

331 1788 578 1831 extenditur
608 1788 730 1843 iuxta
763 1791 896 1843 caput
928 1788 983 1830 ad
1013 1789 1200 1843 eiusque
1233 1788 1503 1831 soliditatem
1528 1800 1617 1830 non
1642 1788 1829 1842 pertinet
1846 1785 1892 1841 ⁴).
1927 1786 2023 1829 l-loc

329 1861 473 1902 autem
493 1859 547 1902 de
565 1859 730 1901 Malchi
749 1871 852 1901 aure
872 1860 1014 1914 magis
1034 1859 1220 1913 plastice
1238 1871 1371 1913 quam
1387 1858 1717 1913 perludibrium
1730 1857 1904 1901 videtur
1916 1858 2021 1900 mihi

330 1942 429 1973 esse
452 1930 633 1972 dictum.
651 1929 761 1972 Nam
786 1931 1089 1984 paraphrasta,
1112 1930 1168 1972 ab
1188 1930 1347 1972 usitata
1365 1931 1593 1972 auctorum
1613 1929 1895 1983 antiquorum
1914 1940 2024 1971 con-

329 2001 563 2044 suetudine
575 2001 693 2043 haud
703 2001 930 2049 recedens,
941 2002 985 2042 in
998 2001 1174 2044 deliciis
1186 2001 1320 2043 habet
1334 2002 1531 2043 naturam
1547 2012 1688 2042 rerum
1703 2002 1744 2042 et
1757 2001 1900 2054 ipsam
1909 1999 2024 2041 veri-

330 2073 459 2114 tatem
486 2072 749 2114 illustrando
775 2072 947 2121 imitari,
971 2072 1029 2113 ita
1052 2074 1097 2114 ut
1115 2083 1184 2114 res
1202 2072 1287 2114 sub
1306 2073 1536 2125 aspectum
1557 2083 1699 2125 paene
1717 2070 2025 2125 subjiciantur.

388 2195 675 2250 Paraphrasis
709 2195 763 2237 de
797 2195 1201 2249 Barabbastatrone
1236 2196 1344 2237 haec
1378 2196 1536 2237 habet:

331 2283 412 2319 Par.
435 2283 565 2326 XVlll,
595 2283 682 2319 190:
726 2277 925 2328 Ἑβραῖοι
951 2276 1228 2326 δ’ἀλάλαξαν
1254 2278 1469 2327 ἀπείρονα
1495 2278 1725 2327 σύνθροον
1752 2277 1844 2325 ἠχὼ

473 2355 561 2390 191:
612 2350 927 2397 φθεγγόμενοι·
953 2351 1014 2396 μὴ
1040 2355 1215 2392 τοῦτον,
1243 2349 1295 2387 ὃν
1322 2347 1509 2396 ε’ννεπες,
1541 2348 1657 2386 ἀλλὰ
1684 2352 1926 2397 Βαραββᾶν
1955 2371 1999 2375 —

474 2425 561 2460 192:
612 2421 659 2467 ὃς
683 2421 788 2458 πέλε
815 2422 997 2469 ληιστὴρ
1023 2421 1426 2469 θανατηφόρος
1451 2443 1510 2457 —.

400 2530 496 2572 xlx,
525 2532 537 2565 l
556 2543 564 2566 :
1277 2527 1505 2572 Αίνομανῆ
1532 2527 1582 2562 δὲ

519 2603 541 2636 2
555 2613 563 2637 :
613 2597 810 2646 ὄρχαμος
837 2598 1079 2646 ἀφραδέων
1105 2598 1343 2643 στομάτων
1370 2596 1594 2643 ἀλαλητὸν
1621 2595 1798 2633 ἀκούων

519 2672 563 2706 3:
613 2669 795 2714 ληιστὴν
822 2667 1177 2713 ἀνίμαστον,
1205 2666 1509 2712 ἀδέσμιον
1535 2664 1729 2703 ὤπασε
1755 2670 1874 2714 λαῷ

520 2743 563 2777 4;
613 2739 1009 2786 καϊροπαλοις
1035 2737 1446 2786 ἀχάρακτονδ).

391 2823 458 2866 De
477 2825 546 2866 his
564 2824 677 2867 locis
695 2826 803 2867 haec
822 2826 919 2868 sola
937 2826 1043 2867 mihi
1062 2825 1454 2867 animadvertenda
1473 2836 1573 2867 esse
1591 2825 1809 2866 videntur.
1829 2823 2021 2866 Primum

333 2896 621 2949 paraphrasta
645 2895 890 2938 Barabbam
917 2897 1128 2938 latronem
1154 2895 1421 2937 homicidam
1447 2896 1566 2945 dicit,
1591 2907 1690 2937 eum
1714 2897 1861 2937 autem
1880 2894 2024 2936 homi-

386 3002 414 3047 ¹)
440 3003 499 3041 Cf.
526 3016 561 3040 n.
586 3005 643 3040 86.
808 3003 836 3048 ³)
864 3005 922 3042 Cf.
949 3016 985 3041 n.
1010 3006 1067 3042 93.
1230 3003 1260 3048 ³)
1287 3006 1396 3041 Hom.
1413 3004 1562 3047 11.XV1,
1581 3007 1651 3041 470
1665 3015 1742 3050 sq.;
1762 3004 2024 3041 cf.466—476.

382 3062 412 3106 ⁴)
439 3062 497 3099 Cf.
525 3063 638 3099 Dion.
665 3064 689 3106 Ι,
715 3064 799 3099 318;
826 3063 1015 3107 παρήορος
1040 3062 1173 3108 αὐχένι
1199 3062 1316 3109 χαίτη.

383 3120 412 3165 ⁵)
439 3121 498 3158 cf.
522 3122 578 3167 Jo.
604 3121 734 3165 lell,
760 3121 954 3166 40—X1X,
984 3126 1011 3158 1.
