2180 3606
136 2381 188 2424 N.
213 2381 284 2424 74.

1144 196 1225 239 136

341 326 630 380 paraphrasta
671 332 942 379 μουνογενής
961 333 1003 379 ¹),
1039 332 1317 378 μουνόγονος
1336 332 1379 379 ¹),
1408 331 1645 379 τηλύγετος
1663 333 1706 379 ¹).
1749 323 1844 367 HOC
1890 325 2035 366 autem

342 396 565 449 posterius
597 396 780 438 verbum
814 396 1091 450 unigenitum
1125 406 1307 449 quoque
1341 395 1479 437 filium
1514 395 1749 449 designare
1781 394 1870 438 veri
1901 395 2038 437 dissi-

341 466 444 508 mile
477 479 564 508 non
599 468 678 509 est.
712 465 848 508 Porro
881 477 1018 508 voces
1051 470 1391 520 αὐτογένεθλος,
1425 476 1603 520 semper
1635 466 1690 507 de
1724 463 1835 516 Deo,
1869 465 1958 506 imo
1981 464 2037 506 de

341 536 438 579 Deo
484 536 609 579 Patre
653 536 831 587 dictam,
875 537 917 578 et
959 542 1227 591 αὐτόφυτος,
1271 536 1433 579 dictam
1477 537 1532 579 de
1570 534 1668 578 Deo
1707 534 1847 587 Patre,
1881 535 2038 590 unige-

342 608 479 650 nitum
514 619 602 649 non
637 618 774 661 posse
806 607 1057 662 significare
1090 607 1170 649 sed
1204 607 1439 661 designare
1476 618 1582 660 „per
1613 618 1661 649 se
1695 606 1792 660 ipse
1817 605 2037 660 genitus’',

343 680 530 733 „sponte
574 677 725 720 ortus’'
770 677 1053 720 manifestum
1099 679 1177 720 est.
1216 677 1319 719 Item
1355 684 1601 731 αὐτόγονον
1634 689 1723 719 ηοη
1757 677 1904 731 potest
1937 687 2036 718 esse

339 761 515 802 πνεῦμα
532 757 575 803 ⁴),
610 749 738 803 quasi
773 747 965 803 Spiritus
998 749 1268 804 unigenitus,
1302 749 1382 791 sed
1417 751 1497 800 est,
1531 750 1577 790 ut
1608 748 1797 790 Nonnus
1829 747 1901 798 ait,
1935 745 2040 801 Spi-

341 821 449 862 ritus
491 821 652 875 sponte
695 820 884 875 genitus.
927 819 1027 862 Non
1071 831 1204 862 secus
1242 825 1488 873 αὐτόγονον
1513 832 1600 875 πῦρ
1619 827 1648 874 ⁶)
1697 821 1738 861 et
1782 823 2040 872 αὺτογόνων

342 898 570 945 Γιγάντων
587 899 617 945 ⁶)
649 891 857 933 dicuntur
889 891 974 932 hoc
1008 891 1063 933 de
1097 891 1199 945 igne
1232 893 1392 945 sponte
1427 892 1537 942 orto,
1572 890 1681 932 illud
1705 889 1759 932 de
1783 888 2039 944 gigantibus

342 973 420 1016 per
451 973 499 1004 se
533 962 646 1016 ipsis
677 962 853 1017 genitis.
897 959 1023 1011 Quae
1056 973 1156 1003 cum
1191 961 1250 1003 ita
1282 961 1384 1012 sint,
1417 960 1789 1003 verisimillimum
1824 962 1890 1002 est
1927 970 2038 1001 voce

341 1031 571 1082 αὐτογόνῳ
604 1036 687 1074 Par.
722 1037 762 1081 11,
795 1038 841 1073 65
884 1031 1106 1087 designari
1142 1031 1299 1074 Filium
1334 1030 1417 1074 Dei
1452 1043 1531 1086 per
1562 1043 1610 1074 se
1645 1031 1792 1086 ipsum
1826 1030 2038 1085 genitum,

342 1102 523 1144 minIme
566 1102 843 1157 unigenitum
886 1102 1047 1145 Filium
1090 1103 1184 1145 sive
1218 1101 1301 1145 Dei
1336 1101 1478 1145 Patris
1510 1102 1605 1145 sive
1639 1101 1806 1143 Mariae
1839 1100 2038 1155 virginis.

341 1171 539 1223 Accedit,
572 1172 695 1226 quod
729 1173 880 1215 omnia
911 1172 1016 1225 fere,
1050 1185 1165 1227 quae
1199 1173 1242 1215 in
1277 1171 1541 1228 Paraphrasi
1576 1172 1794 1227 leguntur,
1819 1170 2040 1226 adiectiva

342 1244 594 1297 composita
641 1255 741 1286 cum
790 1249 924 1298 αὐτός
965 1245 1053 1286 vim
1106 1244 1271 1287 habent
1321 1243 1605 1299 significandi
1657 1255 1763 1298 „per
1804 1254 1853 1285 se
1897 1241 2042 1296 ipse”.

341 1314 651 1357 Verumtamen
684 1315 755 1358 hiS
787 1315 1023 1358 vocabulis
1056 1320 1397 1369 αὐτογένεθλος,
1417 1320 1685 1368 αὐτόφυτος,
1705 1318 1947 1367 αὐτόγονος
1984 1312 2039 1354 de

343 1384 441 1428 Deo
479 1386 521 1428 et
552 1385 692 1428 tribus
730 1384 941 1428 Personis
974 1385 1150 1428 Divinis
1183 1386 1315 1428 dictis
1347 1385 1537 1427 Nonnus
1570 1385 1754 1427 omnino
1786 1383 1927 1426 falsus
1959 1385 2038 1425 est.

343 1455 454 1499 Nam
498 1461 740 1510 αὐτόγονος
772 1459 854 1499 cet.
886 1459 961 1499 aut
993 1459 1060 1499 est
1094 1457 1173 1507 „is,
1207 1457 1283 1510 qui
1318 1457 1417 1510 ipse
1449 1467 1498 1499 se
1531 1454 1726 1510 genuit''‚
1760 1454 1876 1497 sicut
1913 1458 2043 1497 αὺτο-

343 1536 559 1581 δῑδακτος
592 1527 695 1581 „qui
729 1528 827 1581 ipse
860 1539 909 1570 se
942 1526 1139 1579 docuit''‚
1172 1529 1247 1570 aut
1279 1529 1346 1569 est
1370 1527 1449 1578 „is,
1474 1527 1549 1580 qui
1574 1537 1721 1580 neque
1745 1526 1871 1580 partu
1896 1535 2041 1578 neque

343 1599 433 1640 arte
456 1598 537 1640 sed
560 1600 722 1652 sponte
745 1598 924 1650 orItur'',
947 1599 1064 1641 sicut
1086 1604 1435 1652 αὐτοκέλευστος
1459 1598 1563 1652 „qui
1588 1609 1677 1639 non
1701 1597 1757 1639 ab
1780 1596 1868 1639 alio
1890 1595 2043 1650 jussus

343 1668 423 1711 sed
456 1670 617 1723 sponte
650 1668 821 1723 aliquid
853 1668 1002 1711 facit.’'
1045 1668 1178 1723 Atqui
1218 1669 1408 1723 primurn
1443 1680 1533 1710 non
1567 1668 1652 1710 nisi
1686 1668 1834 1721 inepte
1869 1666 2045 1716 dicItur,

345 1740 451 1794 quia
483 1740 802 1794 quodcumque
835 1742 1081 1796 generatur,
1113 1740 1171 1783 ab
1203 1740 1293 1782 alio
1326 1741 1582 1795 generatur;
1610 1738 1794 1781 alterum
1817 1738 1964 1780 autem
1987 1737 2042 1779 de

345 1810 496 1853 divina
529 1812 683 1853 natura
715 1811 802 1853 dici
837 1812 1004 1865 nequit,
1034 1823 1116 1853 nec
1139 1811 1194 1853 de
1218 1809 1316 1853 Deo
1340 1809 1466 1853 Patre
1490 1821 1571 1853 nec
1595 1809 1651 1852 de
1674 1806 1841 1863 Spiritu
1864 1806 2046 1858 Sancto,

345 1881 515 1936 quippe
558 1881 681 1936 quod
724 1882 859 1936 geniti
903 1894 992 1924 non
1037 1882 1148 1934 sint;
1192 1881 1333 1924 Filius
1364 1883 1526 1932 autern,
1561 1891 1832 1935 quamquam
1867 1879 2044 1934 genitus

345 1954 424 2003 est,
458 1964 548 1995 non
581 1954 743 2008 sponte
775 1953 856 1996 sed
888 1965 913 1996 a
946 1952 1073 1996 Patre
1101 1955 1168 1996 est
1190 1953 1381 2008 genitus.
1415 1951 1585 1994 Tamen
1609 1963 1698 1994 non
1722 1962 1780 2002 re,
1804 1950 1885 1993 sed
1908 1961 2044 1992 voca-

345 2024 465 2066 bulis
505 2024 682 2067 vitiosis
724 2024 938 2067 adhibitis
979 2025 1269 2079 paraphrasta
1312 2023 1454 2066 falsus
1498 2024 1577 2066 est.
1610 2022 1783 2065 Etenim
1817 2021 1955 2064 Filius
1986 2021 2043 2064 ab

345 2106 400 2137 ΕΟ
432 2097 616 2137 vocatur
645 2102 917 2150 μουνογενὴς
934 2108 1092 2149 τοκῆος
1109 2104 1152 2150 ¹¹),
1172 2106 1288 2139 θεοῦ
1305 2101 1434 2149 γόνος
1452 2102 1497 2149 ⁸),
1532 2105 1637 2148 ergo
1660 2092 1779 2136 haud
1803 2098 2048 2147 αὐτόγονος

347 2166 426 2208 est.
469 2163 558 2208 Sed
601 2166 737 2208 verba
778 2166 996 2208 mendosa
1038 2168 1264 2208 mutuatus
1306 2167 1373 2208 est
1415 2165 1472 2207 ab
1514 2164 1712 2218 antiquis
1749 2163 2047 2219 scriptoribus

347 2237 551 2288 ethnicis,
584 2238 631 2279 ut
663 2237 879 2280 indicaret
910 2236 1056 2279 Deum
1090 2248 1191 2279 esse
1224 2238 1465 2279 aeternum.

406 2376 648 2416 Εὒώδιν
672 2400 719 2405 -—
744 2381 829 2418 Par.
856 2381 881 2425 1,
909 2382 998 2425 155;
1027 2382 1116 2425 17o;
1144 2381 1241 2425 XIX,
1270 2382 1348 2418 143.

349 2455 500 2508 partus
533 2453 766 2496 doloribus
798 2453 928 2496 felix:
962 2457 1076 2493 Dion.
1103 2457 1164 2500 IX,
1190 2458 1259 2493 24:
1297 2453 1437 2502 μηρός
1463 2452 1613 2500 (Διός).

349 2526 475 2579 partu
508 2524 722 2567 fecunda:
755 2534 839 2571 Par.
866 2534 891 2578 I,
912 2535 995 2571 155:
1021 2530 1247 2572 θάλασσα,
1271 2531 1384 2569 Dion.
1403 2531 1497 2576 xm,
1518 2533 1603 2569 187:
1618 2525 1816 2575 Ἀφίδνῃ,
1844 2531 1938 2575 Χ111,
1955 2530 2046 2567 467:

348 2602 529 2651 Σάρδις,
557 2605 716 2649 XLVIII,
742 2606 834 2642 240:
854 2598 984 2648 Ῥείη.

351 2667 476 2720 partu
508 2665 615 2708 felix
647 2665 674 2708 i.
693 2676 730 2707 e.
764 2676 880 2719 quae
914 2664 1061 2707 bonos
1093 2664 1162 2706 vel
1197 2663 1410 2718 pulchros
1443 2662 1560 2705 filios
1583 2662 1737 2705 habet:
1763 2660 1858 2704 Par.
1883 2661 1910 2712 1,
1938 2660 2047 2712 17o;

403 2854 430 2899 ¹)
457 2855 541 2892 Par.
568 2856 592 2899 I,
617 2856 681 2900 58;
709 2856 765 2900 111,
790 2857 853 2900 82;
879 2856 1079 2901 praeterea
1096 2855 1120 2899 1,
1138 2855 1195 2891 25.

403 2918 432 2964 ⁵)
458 2920 541 2957 Par.
568 2921 592 2965 I,
618 2922 665 2956 44
684 2918 732 2964 †;
759 2921 807 2956 cf.
834 2920 953 2966 Soph.
979 2920 1118 2956 Trach.
1143 2919 1232 2956 826:
1259 2915 1454 2961 αὐτόπαις,
1481 2918 1568 2954 Eur.
1595 2918 1679 2954 Alc.
1703 2917 1792 2954 906:
1818 2913 2012 2961 μονόπαις.

402 2977 432 3023 ⁸)
459 2979 543 3016 Par.
569 2980 625 3024 III,
650 2981 714 3023 98;
742 2981 940 3024 praeterea
968 2979 1012 3023 V,
1037 2979 1084 3015 99
1106 2979 1153 3015 de
1173 2978 1270 3013 Filio
1289 2977 1360 3014 Dei
1379 2977 1524 3020 Patris;
1551 2976 1611 3019 IV,
1629 2976 1719 3013 226:
1745 2976 1793 3012 de
1811 2976 1892 3012 filio
1910 2977 2046 3022 reguli.

403 3036 433 3081 ⁴)
459 3038 543 3075 Par.
570 3039 626 3083 III,
650 3040 707 3075 35.
966 3035 996 3082 ⁵)
1024 3037 1136 3074 Dion.
1163 3037 1203 3080 II,
1229 3037 1310 3073 494.
1532 3033 1562 3079 ⁶)
1589 3034 1702 3071 Dion.
1729 3034 1888 3079 XLVIII,
1915 3036 1969 3072 13.

405 3095 434 3141 Ἶ)
461 3097 544 3134 Par.
572 3098 596 3141 I,
619 3098 676 3134 58.
965 3095 995 3141 ⁸)
1021 3096 1105 3133 Par.
1133 3096 1157 3140 I,
1182 3097 1215 3132 3.
